2790 4748
726 141 766 200 40

640 227 845 236 —-—

176 365 292 428 praep.
320 343 411 425 „ad‘·,
436 345 617 411 condonare
639 345 727 429 dupl.
747 368 862 427 accus,
886 345 999 411 itidem
1023 352 1059 411 ut
1081 345 1215 426 donare,
1242 367 1317 410 con·

178 456 266 539 loqui
284 477 395 539 praep.
416 461 529 536 ,‚cum“
554 463 586 521 et
617 479 740 539 accus,
774 458 921 523 inludere
948 479 1054 524 accus.
1084 458 1316 544 (saepissime),

181 590 292 654 praep.
315 570 381 650 „in“
399 591 469 634 cum
485 591 600 647 accus,
616 592 727 655 praep.
752 573 826 655 „in“
839 594 910 637 cum
926 570 1000 651 abl,
1025 570 1181 636 adludere
1200 592 1316 654 praep.

185 682 279 763 ,ad“;
304 682 444 766 adloqui,
469 686 639 749 conuenire
664 685 873 772 (antreffen),
897 686 993 765 exire,
1016 683 1143 768 ingredi
1167 683 1317 770 (notione

177 795 280 882 uera),
304 796 394 872 inire,
418 796 579 876 deludere,
603 796 742 878 eludere,
765 799 916 878 inridere,
939 797 1096 878 deridere,
1112 796 1317 880 impendere,

177 908 366 990 inscribere,
394 910 558 990 insistere,
589 910 747 974 insultare
771 913 849 995 (non
871 911 1063 998 translate),
1087 910 1197 991 obire,
1220 931 1319 994 prae-

176 1022 275 1086 terire
309 1023 479 1109 (semper),
515 1024 698 1106 impertire,
736 1023 884 1105 induere,
924 1024 1119 1108 praestolari
1152 1021 1318 1107 praebent

180 1135 282 1217 simpl.
307 1157 412 1200 accus
451 1136 599 1216 Intuere,
633 1137 796 1218 incedere,
822 1138 976 1219 inuolare,
1010 1137 1169 1220 inspicere
1194 1135 1319 1203 habent

184 1269 310 1333 praep,
333 1250 492 1333 respicere
514 1272 624 1335 praep.
648 1251 729 1332 ‚,ad“
754 1256 787 1317 et
811 1251 967 1316 translate
989 1250 1209 1336 simplaccus.

706 1513 732 1596 q.
757 1514 786 1578 5.

268 1701 405 1781 ,ruder
437 1703 601 1767 inuenitur
623 1723 751 1785 person.
776 1701 946 1789 (uibrans.
971 1708 1004 1766 et
1026 1680 1173 1795 intrlns)
1199 1707 1233 1766 et
1256 1702 1317 1765 im·

179 1838 276 1900 pers,
300 1821 469 1900 praetcrea
491 1817 638 1881 notione:
670 1817 739 1880 sich
762 1837 820 1880 uor
844 1817 946 1880 einem
970 1816 1156 1898 achaemen3
1184 1816 1313 1899 „piget“

176 1951 260 2012 pers
285 1935 317 1995 et
339 1930 479 2013 impera,
506 1931 683 2013 „paonitctl
702 1931 842 2014 impers,
871 1930 1034 2009 „miseret“
1054 1950 1181 2012 person.
1204 1933 1238 1993 et
1253 1929 1316 1991 im-

179 2065 273 2125 pers,
302 2043 445 2122 ,taedct“
473 2044 612 2126 impers,
637 2042 770 2123 ‚,decet“
795 2064 867 2107 cum
890 2043 957 2109 dat.
981 2049 1014 2107 et
1037 2041 1316 2128 (saepius)aoous

698 2289 726 2369 p.
752 2290 781 2353 o.

264 2461 457 2526 Terentiana
492 2465 581 2526 sunt:
619 2460 759 2526 Probare
797 2423 865 2545 (sel
888 2482 947 2544 pro
977 2460 1097 2543 aliquo,
1131 2458 1210 2524 dare
1240 2482 1316 2525 cum

178 2575 265 2659 dnpl.
301 2595 406 2641 accus.
438 2579 470 2638 et
500 2595 533 2638 se
557 2573 634 2638 dare
657 2574 766 2656 aliquo
789 2573 901 2655 modo,
930 2571 1085 2657 praebere
1109 2593 1143 2638 se
1165 2573 1315 2656 aliquem

177 2696 210 2754 et
233 2687 387 2772 praebere
411 2688 561 2770 aliquem.

706 2879 731 2962 q.
757 2883 786 2943 r.

263 3055 423 3131 Edocore,
461 3075 607 3139 poscere,
642 3075 827 3138 reposcere,
857 3051 1042 3137 percontari
1065 3072 1129 3115 non
1152 3049 1313 3134 praebent

179 3169 266 3252 dupl.
299 3189 403 3233 accus.
435 3189 539 3250 neque
577 3188 671 3232 orare
700 3173 732 3232 et
771 3187 886 3250 rogare
914 3167 976 3230 nisi
1000 3164 1087 3249 apud
1108 3165 1313 3248 pronomina.

177 3282 363 3359 Postulare,
397 3287 516 3363 petere,
545 3281 736 3363 impetrare,
771 3284 884 3362 optare
907 3300 1032 3362 semper
1055 3275 1178 3341 habent
1199 3299 1313 3361 praep.

182 3394 276 3475 „ab“;
310 3415 457 3474 monere,
491 3393 681 3472 admonere,
713 3392 881 3458 adhortari
912 3413 975 3456 non
1004 3391 1215 3456 inueniuntur
1238 3403 1313 3454 cum

178 3506 266 3591 dupl.
290 3527 407 3587 accus,
431 3508 491 3570 nisi
515 3505 601 3589 apud
624 3526 789 3589 prooem,
813 3526 939 3588 sempor
962 3504 1043 3569 dixit
1066 3503 1156 3570 Ten:
1184 3503 1313 3582 Quaeso

181 3619 257 3685 deos
282 3618 376 3707 (nont
400 3640 419 3683 a
442 3619 534 3705 deis),
558 3625 595 3683 ut
618 3656 669 3684 -.

709 3813 737 3896 q.
761 3815 788 3875 o.

200 4001 206 4014 ·
265 3968 359 4051 Apud
382 3969 511 4034 nomina
534 3968 661 4032 urbium
685 3989 810 4051 semper
833 3967 942 4031 omisit
964 3965 1036 4030 Ter.
1057 3986 1178 4048 praep,
1201 3966 1313 4048 posuit

178 4081 227 4147 bis
250 4081 337 4165 apud
360 4083 489 4148 nomina
511 4081 605 4144 insul.
629 4082 743 4146 minor.
767 4081 941 4144 Praeterea
963 4077 1077 4143 habes:
1112 4075 1237 4144 Infitias
1254 4078 1313 4161 ire,

179 4197 348 4279 exsequias
372 4196 429 4278 ire,
452 4194 572 4261 malam
595 4215 663 4258 rem
686 4194 743 4258 ire.
