2790 4748
494 885 564 972 Dc
600 886 882 978 accusatius.

650 1104 676 1187 q.
705 1108 730 1168 1.

198 1243 258 1306 :De
282 1242 468 1308 accusatius
490 1247 565 1326 pust
586 1240 687 1305 uerba
704 1239 878 1305 transitiua
901 1245 934 1305 et
955 1241 1171 1307 intransitiua.

211 1344 326 1420 Uerba'
341 1354 408 1434 illa,
434 1375 517 1438 quac
540 1353 712 1419 transitiua
734 1373 806 1416 cum
829 1373 936 1419 accus.
955 1330 1121 1418 coniunxit
1135 1355 1252 1421 Tereu-

127 1469 210 1547 tius‚
241 1467 350 1531 omnia
379 1466 442 1530 huc
474 1464 581 1530 afferri
609 1484 672 1529 non
694 1484 775 1548 opus
797 1485 866 1529 esse
889 1470 979 1530 ratus
1001 1468 1067 1529 iam
1089 1487 1144 1531 eus
1165 1467 1253 1532 locos

93 1585 96 1589 ’
127 1577 327 1659 adscribam,
361 1578 416 1643 ubi
445 1579 515 1661 ipsa
542 1577 592 1641 uis
620 1583 652 1640 et
674 1577 763 1640 notio
786 1576 877 1641 uerbi
899 1598 951 1640 res
974 1576 1101 1643 obiecta
1121 1577 1168 1644 fit.
1191 1578 1253 1642 Ex-

126 1690 235 1776 empla
257 1699 365 1756 autem
388 1689 558 1755 uerborum
582 1690 826 1753 transitiucrum
849 1696 937 1754 sunt:
976 1689 1179 1755 Narrationis
1206 1693 1254 1756 in·

128 1805 209 1888 cipit
236 1802 315 1867 mihi
345 1803 481 1867 initium.
527 1801 624 1865 Andr.
655 1802 725 1867 709.
771 1799 854 1865 Num
881 1801 968 1866 solus
990 1801 1044 1866 ille
1067 1801 1152 1897 dona
1175 1803 1253 1869 dat?

130 1915 212 1983 Eun.
252 1917 321 1981 163.
366 1914 491 1979 Hucine
519 1920 586 1978 tum
621 1913 728 1979 audax
758 1913 882 1978 facinus
905 1913 1010 1981 facere
1033 1934 1102 1980 esse
1124 1916 1252 1981 ausum!
1347 1986 1349 1993 ¹

128 2027 211 2093 Eun.
233 2032 307 2094 644.
342 2027 542 2092 Cantilenam
560 2026 694 2092 eandem
709 2027 807 2091 canis.
832 2025 958 2093 Phorm.
981 2030 1060 2108 495;
1083 2027 1253 2094 uerborum

131 2140 428 2204 intransitiucrum:
452 2139 535 2204 Nam
555 2139 640 2204 hunc
664 2139 730 2203 scio
748 2159 819 2204 mea
837 2137 937 2204 solide
949 2119 1261 2224 sclumgauisurum'

128 2251 255 2334 gandia.
292 2250 390 2317 Andr.
423 2254 495 2316 964.
540 2251 583 2316 Et
612 2252 687 2334 qnia
720 2252 915 2318 consimilem
948 2253 1070 2318 luserat
1092 2255 1157 2318 iam
1178 2253 1253 2318 clim

130 2363 185 2428 ille
218 2363 339 2431 ludum.
384 2363 465 2430 Eun.
492 2365 566 2428 587.
611 2362 692 2427 Nam
716 2384 774 2446 ego
797 2367 913 2444 uitam,
947 2385 1044 2447 quam
1066 2364 1132 2429 uixi
1155 2386 1256 2447 usquc

132 2475 248 2555 adhuc,
270 2497 371 2561 prope
393 2477 457 2540 iam
481 2496 615 2541 excurso
638 2476 753 2559 spatio,
776 2477 900 2542 omitto.
944 2476 1004 2542 Ad.
1028 2478 1100 2543 859.

652 2669 679 2750 q.
704 2671 733 2729 2.

215 2793 486 2860 Uenicaduerba
508 2794 565 2859 illa
589 2794 745 2879 (iuuandi,
769 2794 954 2875 adimendi,
978 2795 1063 2881 cet),
1086 2816 1170 2878 quae
1184 2815 1258 2859 con-

136 2906 238 2972 traria
266 2908 366 2974 nostri
395 2908 549 2973 sermonis
577 2908 649 2972 usui
675 2908 709 2970 in
730 2908 840 2990 lingua
862 2906 964 2972 latina
986 2908 1162 2990 iunguntur
1185 2927 1257 2972 cum

131 3039 235 3096 accus.
272 3019 383 3102 Neque
407 3017 516 3084 differt
542 3018 718 3102 quidquam
740 3019 813 3086 Tar.
828 3017 870 3083 ab
894 3019 1017 3083 usitata
1035 3018 1161 3084 dicendi
1185 3040 1259 3085 con-

133 3132 302 3198 suetudine
326 3133 551 3197 Romanorum.
584 3131 648 3197 cfr.
672 3132 802 3196 iuuare:
841 3131 930 3196 Haut
952 3132 1089 3199 multum
1109 3131 1260 3197 heredem

73 3254 77 3262 ‘
133 3245 257 3310 iuuant.
296 3243 377 3308 Hea·
397 3244 470 3312 460.
509 3243 681 3308 adiuuare.
715 3241 958 3326 Pamphilumne
980 3242 1132 3308 adiutem.
1159 3241 1261 3313 Andr.
1351 3262 1353 3273 ⁴

136 3357 208 3421 209.
230 3355 296 3423 Cfr.
320 3354 420 3421 Andr.
445 3358 516 3419 542.
540 3355 656 3420 Heant.
680 3359 753 3434 416,
778 3359 849 3422 982.
874 3354 1001 3419 Phorm.
1026 3359 1077 3436 99,
1098 3357 1171 3437 203,
1187 3359 1260 3436 539,

135 3446 207 3536 786.
244 3468 321 3534 Hec.
352 3471 423 3531 369.
452 3467 512 3532 Ad.
540 3472 588 3532 16.
632 3468 766 3550 Fugere.
789 3467 882 3545 Quod
903 3467 1037 3533 uerbum
1058 3467 1167 3551 posuit
1187 3467 1260 3534 Ter.

134 3601 207 3645 cum
223 3581 352 3645 accus:
376 3579 475 3644 Recte
499 3600 557 3662 ego
580 3600 705 3663 semper
728 3579 796 3662 fugi
818 3578 877 3644 has
900 3582 1040 3664 nuptias.
1065 3580 1164 3645 Andr.
1187 3576 1261 3646 766.

128 3691 204 3761 cfr.
228 3691 327 3757 Andr.
351 3692 424 3756 935.
454 3691 571 3756 Haut.
595 3695 667 3766 316,
690 3695 763 3757 434.
787 3691 847 3758 Ad.
871 3693 944 3759 872.
967 3692 1094 3758 Phorm.
1126 3673 1198 3759 835.
1217 3690 1261 3776 ²);

136 3825 209 3870 cum
244 3825 355 3889 praep.
404 3809 475 3884 „e“:
522 3802 555 3867 Si
598 3801 726 3886 qnando
764 3802 805 3867 ad
845 3824 916 3870 eam
963 3812 1145 3870 accesserat
1188 3822 1263 3870 con-

138 3999 330 4006 ...β-...κ-

163 4093 165 4098 ’
211 4101 232 4166 1)
249 4098 381 4166 Fugitans
406 4097 501 4151 litium.
522 4095 628 4149 Phorm.
651 4094 711 4150 623.
737 4095 776 4148 De
799 4111 851 4163 qun
878 4081 1002 4162 genetiuo
1020 4095 1081 4148 vide
1099 4095 1190 4153 Madu.
1209 4097 1254 4153 Gr.

140 4191 175 4250 L.
193 4192 218 4261 ξ.
236 4192 296 4246 960.
315 4191 369 4258 (ud.
388 4191 432 4258 IV,
451 4190 537 4256 1867).

1005 4283 1033 4342 'l
1043 4279 1060 4316 a
