2790 4748
552 283 553 286 Ὺ
590 283 594 286 ,
631 192 679 274 n

92 399 230 499 p2'474.
266 415 316 478 30.
355 413 518 496 Cogebant
552 415 757 480 lacrimantes
786 421 822 478 ut
853 399 1065 478 misererent.
1084 397 1132 478 id.
1165 395 1216 497 ap.

92 527 192 593 Prisc.
216 535 246 610 p.
271 531 343 591 824.
369 528 401 590 P.
426 527 497 608 lpse
521 527 572 591 sui
592 528 731 592 miseret.
756 526 929 605 11181811Ι1
953 531 1026 590 881.
1061 525 1221 591 11188881

92 629 284 706 monaedes.
307 639 390 705 Eun.
414 644 486 706 181.
510 640 567 704 ca.
591 638 650 704 Ad.
677 644 747 706 152.
771 640 867 704 Facis
889 645 925 703 ua
948 644 979 702 ue
1000 637 1221 705 8888811111.

94 756 170 820 421.
198 753 255 816 err.
281 751 379 817 Andr.
402 756 474 817 148,
497 740 579 816 uun.
605 756 771 818 188811.
797 752 914 817 Hesus
941 753 1018 828 132.
1037 749 1129 817 1854.
1162 752 1220 817 Ac.

96 869 168 944 508,
193 868 264 944 948,
286 867 359 930 954.
393 864 454 930 Ubi
478 866 528 930 cui
553 864 660 930 decuit
682 864 801 949 primo,
824 864 883 928 tibi
906 884 969 928 uon
993 864 1085 932 licuit
1107 870 1166 948 per
1190 869 1221 928 te

94 976 173 1043 mihi
202 975 295 1053 dare,
326 976 391 1041 abii
418 977 460 1042 ad
486 998 695 1061 proxumum,
726 976 786 1042 tibi
816 977 870 1060 qui
895 983 975 1042 erat.
999 976 1114 1041 Heaut.
1139 963 1220 1056 965,

95 1089 116 1154 1.
137 1110 168 1154 8.
208 1088 280 1167 ilbi,
318 1089 367 1152 cni
393 1103 448 1154 'me
480 1089 557 1154 dare
580 1088 688 1154 decuit
710 1091 814 1174 primo
837 1096 897 1155 etc.
932 1089 1088 1153 Datiuum
1114 1087 1221 1153 antem

99 1201 207 1286 posuit
225 1184 326 1269 Ten:
350 1202 439 1267 Haec
461 1202 599 1287 primum
628 1209 664 1267 nt
692 1202 771 1268 fiant
804 1201 881 1268 (1888
913 1222 1033 1285 quaeso
1066 1207 1103 1264 ut
1131 1199 1223 1264 nobis

87 1315 200 1380 decet.
238 1311 297 1379 Ad.
325 1318 398 1386 491,
432 1315 483 1380 lta
510 1314 601 1380 nobis
634 1315 734 1381 decet.
765 1314 919 1381 Adeas.
968 1313 1099 1378 [luobus
1122 1313 1222 1396 igitur

96 1426 176 1492 locis
205 1426 328 1492 alienus
357 1433 407 1492 est
432 1427 559 1493 Terent.
590 1425 645 1515 ab,
660 1427 852 1511 optimorum
879 1426 1071 1511 scriptorum
1102 1409 1223 1514 usitato
1257 1403 1262 1413 ⁶

94 1538 222 1605 dicendi
244 1551 370 1623 genere,
393 1541 520 1624 saepius
542 1540 692 1606 adiunxit
711 1559 818 1605 accus.

537 1832 541 1841 -
616 1802 645 1882 8.
669 1803 698 1863 8.

127 2019 129 2022 <
182 1987 229 2052 118
251 1976 372 2072 duplici
394 1987 580 2053 accusatiuo
596 1994 670 2071 post
684 1987 785 2053 narba
804 1987 969 2068 „habendi
995 1987 1146 2053 creandi“'
1162 1993 1223 2053 cet.

87 2096 180 2166 ’111118
202 2106 325 2179 autem,
349 2120 432 2182 quae
455 2099 639 2165 accuratius
660 2100 700 2165 (18
722 2099 783 2166 hac
806 2123 840 2165 ra
864 2101 1012 2184 exposuit
1035 2099 1143 2167 Madu.
1158 2100 1222 2166 Gr.

96 2213 132 2278 1..
155 2215 190 2298 §.²
208 2215 281 2279 227.
304 2213 477 2279 Paternum
499 2211 636 2278 amicum
654 2235 705 2280 me
720 2212 921 2279 adsimulabo
939 2213 1081 2296 uirginis.
1095 2212 1222 2279 Phorm.

99 2329 168 2390 128.
197 2324 365 2418 Quos-hic
390 2332 500 2390 noster
533 2333 682 2391 auctores
710 2325 818 2394 habat.
843 2326 943 2393 Andr.
971 2330 1018 2392 19.
1043 2325 1099 2392 cfr.
1123 2324 1221 2390 Andr.

96 2429 257 2504 39111111.
285 2441 359 2516 128,
394 2441 464 2503 174.
495 2438 622 2505 Phorm.
648 2441 697 2518 10,
722 2443 793 2504 345.
822 2438 939 2503 Η8881.
965 2439 1035 2504 983.
1070 2439 1146 2506 Η88.
1172 2443 1223 2516 88,

97 2551 265 2631 582802,
289 2551 358 2616 182.
392 2551 450 2616 Ad.
476 2551 548 2617 288.
573 2556 645 2618 268.
666 2554 859 2618 lnuenitnr⁴
873 2553 987 2643 etiam:
1018 2550 1145 2617 Habere
1167 2552 1224 2617 ali-

81 2684 190 2747 ·‘quem
221 2685 280 2748 pro
310 2665 421 2746 aliquo
442 2663 528 2729 etin
552 2665 621 2730 loeo
644 2665 789 2732 alicuius.
826 2666 1005 2730 Discrimen
1028 2670 1141 2730 notum
1165 2642 1222 2728 esd.

99 2785 108 2809 ’·
126 2800 146 2817 '1
187 2776 288 2854 Quam
311 2797 370 2859 ego
389 2798 453 2861 pro*
472 2797 570 2842 uxore
592 2776 770 2843 habuerim.
806 2777 904 2843 Andr.
930 2782 1002 2843 273.
1026 2778 1083 2843 cfr.
1107 2778 1223 2842 Heaut.

82 2895 151 2954 98.
188 2889 332 2954 Amicam
354 2896 398 2954 'ut
424 2888 544 2955 habeas
567 2910 674 2984 *prope
704 2893 824 2956 iamin
846 2893 955 2954 uxoris
979 2892 1081 2956 18881·
1108 2891 1224 2956 Heaut.

85 3005 172 3066 104.
208 3001 264 3067 cfr.
300 3004 412 3068 etiam:
460 3003 492 3068 Si
529 3010 561 3066 te
590 3004 622 3067 in
655 2992 765 3068 fratris
793 2988 889 3068 dilexi
917 3003 998 3068 1888.
1031 2997 1132 3069 Andr.
1152 3003 1224 3067 292.

86 3115 274 3180 'Praeterea
296 3115 399 3181 forma
422 3124 455 3182 et
477 3123 567 3181 aetas
589 3117 690 3200 ipsast
705 3116 800 3181 facile
817 3122 853 3180 ut
865 3137 923 3200 pro
939 3116 1083 3181 eunucho
1096 3115 1221 3201 probes.

100 3227 182 3294 Eun.
192 3227 293 3296 arni.
301 3250 329 3296 8.
338 3233 377 3293 ut
385 3250 443 3313 pro
452 3227 597 3294 eunucho
605 3227 764 3294 habearis.
776 3229 808 3294 Si
817 3228 1147 3312 uosuoltisperhiberi
1155 3252 1226 3314 pro·
1249 3245 1250 3248 ’

98 3340 165 3406 1188.
185 3340 244 3408 Ad.
256 3343 327 3406 504.
342 3341 493 3406 Chremes
507 3341 549 3406 ad
564 3362 614 3408 me
632 3343 731 3420 uenit,
755 3343 880 3406 unicam
898 3350 1029 3425 gnatam
1048 3364 1136 3406 suam
1149 3342 1225 3406 ’11118

98 3472 231 3520 uxorem
255 3459 291 3518 ut
313 3452 414 3519 daret.
439 3454 537 3519 Andr.
563 3457 633 3519 101.
658 3455 714 3520 cfr.
744 3454 842 3519 Andr.
858 3455 941 3533 295,
963 3459 1033 3532 606,
1059 3459 1129 3533 883,
1154 3458 1225 3518 684.

93 3564 215 3632 'Hesus
241 3570 311 3646 888,
336 3569 407 3646 css,
432 3571 503 3633 cac.
526 3568 653 3635 Phora.
680 3570 750 3647 888,
777 3559 1031 3645 81818818,
1058 3570 1129 3646 483,
1153 3568 1225 3633 aas.

99 3679 156 3744 Pol
186 3678 273 3745 haud
300 3686 472 3762 paternum
501 3658 585 3745 istuc
613 3679 739 3745 dedisti.
788 3679 846 3745 Ad.
869 3681 944 3746 450.
969 3679 1024 3743 cfr.
1047 3678 1130 3744 Eun.
1153 3682 1225 3742 478.

82 3775 216 3857 Ἠ88118
252 3794 324 3881 980.
354 3792 482 3858 Phorm.
511 3797 583 3858 974.
621 3792 789 3858 Inuenitur
812 3793 927 3856 etiam:
963 3813 995 3857 se
1019 3792 1096 3856 dara
1118 3790 1226 3874 aliquo

98 3903 203 3970 modu.
243 3903 361 3970 Mirum
383 3905 416 3968 ni
438 3917 502 3988 ego
519 3925 570 3969 me
593 3907 733 3990 turpiter
756 3906 849 3971 hodie
872 3906 925 3969 hic
949 3903 1034 3969 dabo
1057 3925 1129 3977 eum
1152 3924 1224 3968 mec

80 4017 264 4102 decapite
300 4017 360 4084 1188
391 4016 545 4082 eunucho.
578 4017 659 4084 Eun.
684 4023 756 4084 230.
794 4016 1067 4101 Umplenbachius
1095 4016 1223 4099 quidam

95 4116 245 4214 scripsit:
289 4129 407 4195 Mirum
445 4131 477 4194 ni
505 4136 632 4214 egomet
661 4134 801 4216 turpiter
829 4130 925 4196 hodie
958 4131 1008 4194 hic
1045 4129 1128 4194 dabo
1164 4136 1225 4194 etc.

102 4242 198 4309 Haud
221 4264 306 4325 uara,
330 4252 367 4310 nt
383 4245 506 4330 opinor.
530 4243 611 4311 Nam
622 4243 842 4312 desideramus
857 4265 963 4312 accus.
984 4249 1079 4326 „me.“
1105 4241 1226 4326 Neque,
