2790 4748
261 1166 346 1268 De
381 1159 674 1266 accusatiui
709 1165 764 1259 et
800 1154 972 1259 datiui
1007 1183 1109 1253 usu

516 1322 855 1426 Terentiano.
1160 1340 1178 1379 ⁰
1220 1373 1221 1376 κ

637 1552 736 1559 ....--

563 1699 811 1786 Praefatio.

128 2005 206 2120 Cum
229 2066 339 2112 omues
362 2041 565 2130 grammatici
587 2041 621 2105 id
643 2042 814 2124 praecipue
837 2040 1028 2107 contendere
1044 2041 1194 2131 debeant,
1216 2054 1254 2112 ut

126 2157 254 2225 dicendi
286 2158 374 2242 leges
407 2177 553 2242 quaeque
580 2153 712 2238 propria
741 2153 806 2216 sint
835 2152 1031 2235 singulorum
1060 2159 1254 2242 scriptorum

130 2271 216 2337 clare
248 2278 280 2337 et
306 2270 474 2355 perspicue
506 2270 756 2351 cognoscuntur,
789 2285 898 2330 omnes
921 2269 963 2348 ei,
987 2269 1042 2351 qui
1065 2269 1103 2335 de
1127 2271 1254 2338 dicendi

128 2404 245 2468 genere
274 2383 416 2449 cuiusuis
443 2381 610 2465 scriptoris
639 2385 786 2461 egerunt,
820 2365 884 2445 non
903 2378 1185 2467 inenem'operam
1208 2389 1255 2451 ui·

126 2496 244 2562 dentur
266 2495 455 2580 suscepisse.
498 2494 613 2576 Itaque
636 2512 709 2556 cum
731 2493 797 2556 iam
820 2491 858 2556 de
880 2514 940 2558 usu
956 2496 1096 2578 genetiui
1119 2504 1152 2562 et
1167 2497 1257 2564 abln-

131 2609 193 2674 tiui
216 2607 345 2672 Terenti
368 2608 524 2691 scriptum
547 2611 646 2684 esset,
670 2609 706 2668 ut
727 2603 810 2668 hane
833 2625 900 2669 rem
922 2604 964 2670 ad
986 2605 1082 2693 finem
1104 2609 1257 2693 perduce-

130 2741 211 2800 rem,
233 2720 273 2786 de
296 2719 474 2797 accusatini
494 2725 527 2786 et
549 2718 652 2784 detiui
671 2737 732 2780 usu
754 2716 946 2783 Terentiano
962 2719 1118 2787 disserere
1132 2743 1258 2789 mecum

132 2832 296 2900 constitui.
321 2832 346 2919 ¹)
830 2912 834 2918 ,

216 2945 366 3011 Editione
377 2951 485 3010 autem
500 2965 577 3008 usus
593 2965 663 3009 sum
678 2942 911 3027 Umpfenbachi
929 2945 971 3029 ²);
1001 2946 1116 3029 quodsi
1130 2948 1165 3013 in
1179 2949 1260 3016 elle·

137 3060 179 3124 tis
191 3057 344 3142 exemplis
368 3055 480 3122 eedem
502 3055 602 3122 uerba
625 3057 717 3121 uarie
739 3058 866 3140 saepius
882 3059 1008 3123 ratione
1022 3061 1145 3144 scripta
1157 3059 1260 3142 uides,

131 3190 196 3235 non
218 3169 366 3235 dubitaui
389 3167 677 3254 Umpfenbachium
701 3170 801 3252 sequi,
824 3180 1019 3254 quamquam
1041 3193 1112 3237 mea
1134 3183 1261 3240 senten-

131 3282 179 3347 tie
215 3281 276 3347 sibi
307 3286 457 3348 constare
485 3281 605 3348 debuit.
649 3282 776 3346 invenis
815 3283 916 3347 enim:
966 3284 1143 3368 „Opsecr0“
1178 3287 1260 3354 Eun.

134 3398 195 3458 896
224 3401 258 3461 et
295 3394 463 3474 „obsecr0“
489 3394 570 3460 Eun.
594 3397 666 3460 899.
715 3396 891 3478 „Apsente“
917 3395 998 3460 Eun.
1027 3402 1106 3461 1059
1130 3403 1164 3464 et
1188 3397 1262 3481 „eb-

134 3512 242 3572 seute“
263 3506 381 3571 Heaut.
399 3510 470 3570 231.
498 3506 677 3591 „Appulit.“
700 3506 799 3576 Andr.
816 3512 899 3590 4463
923 3508 1093 3593 „adpulit.“
1114 3509 1214 3579 Andr.
1233 3517 1262 3580 1.

138 3620 382 3720 „Accersitum.“
411 3618 486 3684 Adr.
511 3623 587 3697 5153
614 3619 820 3698 „adeersier.“
847 3620 927 3688 Eun.
948 3626 1020 3688 510.
1048 3622 1259 3702 „Itfectum.“

136 3828 338 3840 ,maa-w...

209 3933 229 3999 ¹)
246 3931 288 3984 De
306 3930 417 4000 genitivi
435 3947 485 3986 usu
503 3930 676 3998 Terentiano,
695 3931 766 3987 Oels.
787 3933 861 3989 1853.
880 3934 1066 4004 (Progremm.)
1096 3935 1136 3989 De
1153 3936 1264 3990 ablativi

137 4025 208 4095 apud
229 4024 385 4079 Terentium
405 4040 454 4079 usu
475 4035 502 4079 et
519 4026 629 4080 ratione.
648 4029 758 4106 Elbing,
777 4028 844 4083 1858
863 4035 889 4082 et
910 4028 983 4084 1860.
1003 4029 1188 4100 (Progrumrn.)

206 4122 227 4188 ’2)
242 4119 270 4172 P.
286 4119 396 4174 Terenti
408 4121 560 4177 comoediae
572 4122 656 4177 edidit
665 4130 692 4177 et
701 4130 832 4192 apparatu
845 4123 935 4177 critice
954 4124 1081 4180 iustruxit
1098 4125 1258 4183 Franciscus

138 4213 327 4284 Umpfenbceh
345 4215 463 4271 Berclini
480 4216 551 4286 upud
569 4214 770 4273 Weidmanncs.
789 4216 864 4273 1870.

1043 4314 1058 4371 l
