2790 4748
734 224 776 285 34

654 312 859 320 —-——--—

195 429 270 495 huic
297 436 356 496 est.
391 428 454 495 Ad.
477 431 550 495 951.
575 429 631 494 cfr.
654 429 732 496 ibid.
755 435 826 509 665,
851 433 923 498 671,
957 431 1096 512 Numqui
1120 431 1229 495 minus
1253 428 1330 492 mihi

162 519 164 524 Ι
192 542 277 607 idem
310 543 359 606 ius
383 552 551 625 aequomst
575 544 667 607 osse?
691 544 768 626 quid
791 552 948 606 meoumst
971 543 1051 606 tibi?
1075 543 1134 610 Ad.
1160 547 1235 608 861.
1277 544 1328 606 Di-

194 657 287 720 cendi
323 657 495 721 formulae:
535 656 613 720 Mihi
647 663 696 720 est
725 679 840 720 nomen
864 657 1010 741 exempla
1034 657 1231 719 Terentiana
1255 663 1330 719 sunt

192 769 288 832 haec:
321 768 449 852 Hecyra
478 779 525 833 esi
555 769 630 832 huie
660 790 775 832 nomen
799 768 935 834 fabulae.
962 769 1038 833 Heo.
1066 775 1092 834 1.
1117 770 1165 832 Tu
1190 770 1251 833 tibi
1275 790 1329 832 no-

195 903 268 946 men
292 882 343 945 dio
366 881 443 965 quid
467 889 525 946 est.
564 881 690 945 Mihin?
718 871 878 948 Phormio.
908 881 1036 946 Phorm.
1064 883 1156 946 1048.
1183 881 1327 946 Chrem:

194 993 317 1058 Nomen
348 994 475 1058 mulieri
505 995 582 1059 cedo
615 995 693 1077 quid
726 996 777 1074 sii,
800 1003 837 1058 ut
860 1001 1046 1077 quaeratur.
1093 994 1210 1058 Sosin:
1244 994 1330 1056 Phil-

194 1113 292 1172 terae
316 1107 432 1172 Heaut.
459 1110 530 1174 662.

582 1428 583 1431 a
707 1363 736 1442 a
762 1365 812 1427 17.
908 1396 916 1411 x

283 1574 330 1640 De
344 1575 411 1642 dat.
429 1581 505 1660 posi
524 1576 695 1640 adieetiua.
713 1576 858 1644 Alienus,
879 1577 948 1660 Ego
962 1577 1064 1658 nobie,
1087 1577 1180 1657 Geta,
1199 1577 1328 1641 alienus

196 1688 289 1752 sum?
312 1688 440 1756 Phorm.
452 1693 524 1755 545.
537 1689 556 1752 i.
571 1711 597 1754 6.
610 1689 661 1752 ioh
674 1687 729 1753 bin
745 1689 825 1754 euch
836 1688 964 1754 fremd?
977 1689 1111 1774 Saepius
1127 1697 1239 1754 auiem
1256 1711 1332 1754 oon-

195 1801 300 1864 iunxit
311 1801 371 1865 hoo
383 1802 568 1895 adieadem
583 1801 817 1885 significatione
828 1803 853 1890 (ε
869 1802 1332 1888 s1·emd‚niohtpassend)cum

195 1935 305 1997 praep.
321 1922 374 1994 „a“
395 1937 499 1998 neque
511 1914 679 1980 abnuerim
693 1915 754 1979 hae
769 1917 894 1980 ratione
910 1916 1166 1980 emendationem
1190 1917 1332 1999 exempli

195 2028 375 2110 nouissimi,
413 2029 604 2112 praesertim
643 2049 714 2091 oum
746 2050 787 2092 ne
824 2035 961 2092 metrum
992 2029 1122 2111 quidem
1152 2037 1330 2112 repugnet:

196 2138 265 2222 Ego
285 2161 305 2203 a
323 2139 415 2204 uobis
445 2147 505 2206 666.
544 2141 684 2204 Humani
708 2141 788 2205 nihil
810 2162 830 2204 a
853 2163 902 2206 me
925 2141 1065 2205 alienum
1088 2147 1178 2225 puio.
1209 2140 1331 2207 Heaut.

198 2255 249 2318 77.
271 2252 340 2316 Hoo
363 2253 503 2317 alienum
527 2275 546 2316 a
569 2255 638 2316 uita
660 2275 733 2318 mea
755 2254 893 2320 uidetur.
917 2254 980 2321 Ad.
1002 2257 1076 2320 944.
1100 2235 1223 2332 Quodsi
1244 2256 1332 2319 inest

196 2367 229 2429 in
252 2365 283 2432 h.
307 2366 424 2434 adieci.
447 2368 512 2431 uis:
550 2366 716 2448 feindlioh,
751 2365 934 2451 abgeneigt‚
966 2389 1092 2450 semper
1121 2389 1192 2431 oum
1215 2389 1330 2450 praep.

201 2485 255 2557 „a“
284 2486 316 2542 66
339 2479 402 2544 abl.
427 2481 633 2544 coniunctum
657 2486 720 2558 est;
744 2481 801 2545 cfr.
824 2481 1000 2563 Postquam
1021 2481 1107 2544 huno
1122 2479 1265 2545 alienum
1287 2479 1331 2544 ab

197 2612 266 2654 sese
289 2591 388 2657 uidet.
412 2593 490 2659 Hec.
518 2596 587 2658 158.
611 2592 692 2657 Cum
721 2596 789 2658 eius
812 2594 952 2658 alienum
975 2615 1045 2659 esse
1068 2595 1210 2658 animum
1233 2615 1255 2658 a
1276 2614 1330 2656 me

198 2705 344 2768 sentiam,
375 2704 452 2770 Heo.
478 2709 548 2769 668.
573 2707 708 2774 Alienus
731 2713 781 2772 est
803 2707 844 2772 ab
867 2714 980 2772 nostra
1002 2707 1134 2773 familia.
1165 2706 1229 2773 Ad.
1254 2706 1330 2772 326.

200 2817 317 2884 Alieno
340 2820 446 2882 animo
469 2818 603 2884 anobis
627 2842 706 2886 esse.
729 2820 791 2887 Ad.
815 2821 887 2885 338.
911 2822 1054 2887 Amicus,
1076 2820 1182 2885 Homo
1206 2821 1332 2885 amicus

198 2929 289 2994 nobis
318 2931 380 2993 iam
409 2931 484 2994 inde
507 2953 528 2995 a
548 2954 657 3016 puero.
682 2933 744 2999 Ad.
768 2937 844 3000 446.
868 2933 925 2999 ofr.
949 2931 1028 2999 Hec.
1053 2937 1125 3000 597.
1162 2931 1330 2998 Inimicus.

199 3043 260 3120 Qui
286 3043 371 3108 huno
399 3049 527 3108 tantum
552 3045 712 3110 hominem
742 3045 842 3111 facias
864 3047 1028 3110 inimicum
1053 3045 1122 3110 tibi.
1145 3045 1230 3111 Eun.
1255 3050 1330 3113 802.

199 3160 340 3237 Aequus.
365 3157 478 3221 Hicine
501 3157 686 3223 libertatem
708 3159 800 3223 aiunt
823 3181 892 3224 esse
915 3181 1052 3242 aequam
1069 3157 1240 3224 omnibus?
1265 3160 1330 3227 Ad.

201 3270 272 3334 183.
296 3270 337 3336 al.
360 3270 504 3352 iniquus,
543 3271 635 3348 Quod
657 3272 852 3336 adiectiuum
876 3294 948 3336 oum
971 3272 1038 3340 dat.
1061 3273 1204 3356 positum
1226 3293 1247 3336 a
1270 3272 1331 3337 Te-

199 3383 303 3445 rentio
326 3404 390 3446 non
412 3383 521 3446 inueni
545 3383 602 3446 sed
625 3405 749 3468 semper
772 3384 898 3449 addidit
909 3407 1019 3468 praep.
1037 3385 1123 3464 „in“;
1143 3383 1201 3451 cfr.
1224 3383 1330 3460 Quam

198 3494 300 3576 iniqui
341 3501 417 3559 sunt
450 3502 560 3578 patres
591 3497 624 3559 in
658 3518 768 3561 omnes
798 3498 1014 3562 adulescentis
1036 3497 1170 3562 iudices!
1208 3496 1330 3564 Heaut.

199 3609 271 3674 213.
311 3607 391 3671 Cum
413 3607 479 3687 illa,
511 3629 593 3690 quae
621 3631 706 3673 nunc
728 3612 761 3674 in
784 3632 834 3675 me
856 3612 968 3694 iniqua
990 3616 1048 3692 est,
1086 3632 1190 3693 aequa
1214 3611 1254 3675 de
1277 3633 1329 3677 me

198 3719 325 3786 dixerit.
357 3721 434 3786 Hec.
456 3725 530 3788 476.
564 3720 685 3799 Quibus
707 3725 764 3787 iris
787 3724 899 3807 pulsus
922 3745 1005 3787 nune
1028 3725 1062 3788 in
1083 3724 1173 3788 illam
1196 3726 1324 3810 iniquos

198 3832 279 3894 sim?
310 3833 387 3897 Heo.
412 3840 484 3901 486.
509 3836 644 3902 Adfiuis,
677 3837 804 3905 Adfinis
823 3836 924 3905 nobis,
947 3836 1010 3905 Ad.
1035 3841 1108 3906 948.
1131 3837 1328 3922 Genetiuum

198 3946 345 4010 notione:
385 3947 553 4031 betheiligt
583 3951 650 4014 sein
677 3949 791 4017 habes:
831 3953 941 4036 Neque
964 3952 1093 4015 illarum
1116 3949 1233 4015 adfinis
1257 3973 1326 4016 esse

198 4079 314 4137 reruni,
339 4081 418 4141 quas
442 4060 505 4125 fert
527 4063 756 4130 adulescentia.
780 4066 896 4132 Heaut.
920 4069 993 4134 216.
1018 4067 1114 4130 Modo
1132 4064 1327 4130 substantiui

198 4171 258 4235 hoc
296 4171 394 4236 uerbo
428 4197 503 4238 usus
541 4185 590 4240 est
624 4179 768 4245 Teroua:
803 4180 995 4245 Bacchidem
1019 4178 1059 4244 ab
1082 4186 1193 4244 nostro
1217 4179 1323 4244 adfine
