2790 4748
662 192 702 256 36

125 397 208 462 Num
232 398 280 463 illi
303 376 459 466 molestae
475 402 648 487 quidpiam
669 402 749 467 haec
772 407 848 466 sunt
866 402 1021 484 nuptiae?
1055 403 1161 470 Andr.
1185 406 1255 470 438.

127 509 170 578 al.
208 511 398 596 Morigerus
444 514 506 579 Seu
540 515 600 580 tibi
633 515 794 598 morigera
820 512 881 578 fuit
912 515 945 579 iu
973 514 1070 579 rebus
1099 515 1257 582 omnibus.

125 623 229 691 Andr.
253 627 325 693 294.
359 625 533 696 Obnoxius.
567 628 648 692 Tum
671 628 764 692 uxori
788 625 943 692 obnoxius
965 648 1046 694 sum.
1078 631 1162 694 Hec.
1187 632 1257 697 302.

126 737 274 821 Propior,
311 740 486 822 proximus
532 741 578 806 Ut
608 740 740 825 propior
773 740 821 804 illi
849 745 985 808 nemost.
1022 741 1153 809 Phorm.
1186 746 1256 806 808.

126 850 309 916 Proximam
333 832 406 917 esse
424 853 499 917 huic
522 853 620 919 fundo
643 853 685 918 ad
708 853 897 918 dexteram?
928 852 1046 919 Heaut.
1070 854 1144 920 732.
1184 855 1259 918 Pro-

126 963 235 1047 pitius.
261 964 352 1029 Satin
374 965 422 1030 illi
445 965 478 1031 di
500 972 575 1031 suut
597 966 736 1050 propitii.
761 954 889 1032 Phorm.
915 969 987 1033 636.
1010 965 1178 1048 Reliquus.
1217 967 1260 1032 Ut

128 1097 201 1159 spes
230 1076 320 1141 nulla
348 1077 469 1144 relicua
490 1079 524 1142 in
546 1085 579 1143 te
603 1079 645 1143 sit
668 1076 754 1143 tibi?
793 1077 873 1145 Eun.
897 1078 970 1142 240.
994 1078 1035 1144 al.
1083 1077 1260 1144 Secundus,

129 1189 163 1254 si
195 1188 273 1253 mihi
310 1191 468 1256 secundae
492 1214 543 1256 res
566 1192 605 1257 de
628 1213 738 1256 amore
770 1210 841 1255 meo
874 1195 989 1256 essent.
1024 1193 1146 1258 Heaut.
1188 1195 1260 1258 230.

128 1301 169 1369 al.
195 1301 323 1370 similis.
347 1306 377 1370 A
401 1325 463 1387 quo
487 1303 648 1369 adiectiuo
672 1304 800 1369 Terent.
825 1324 952 1387 semper
974 1303 1160 1386 genetiuum
1183 1325 1260 1388 pen-

129 1414 257 1480 dentem
279 1414 370 1502 fecit3
406 1416 463 1484 cfr.
488 1417 586 1482 enirn:
620 1416 818 1500 Perpulchra
849 1415 945 1480 eredo
968 1415 1053 1480 dona
1076 1421 1135 1479 aut
1158 1417 1263 1481 nostri

129 1525 255 1591 similia.
277 1528 360 1597 Eun.
382 1532 457 1598 468.
480 1530 531 1594 lta
553 1529 720 1594 inuenitur
736 1528 770 1592 in
783 1526 853 1593 cod.
877 1531 918 1595 A.
935 1527 1101 1592 Bentleius
1118 1527 1261 1610 quidem,

130 1639 302 1722 Donatum,
317 1643 529 1723 Fuscianum,
545 1641 715 1707 nonnullos
735 1640 805 1707 cod.
827 1645 956 1705 secutus
973 1641 1118 1724 scripsit:
1142 1641 1266 1706 nostris

131 1751 189 1840 (sc.
213 1751 330 1840 donis).
355 1754 417 1820 Sed
439 1755 491 1820 hic
514 1754 644 1819 datiuus
666 1760 741 1838 post
763 1753 826 1821 adi.
851 1752 965 1817 similis
987 1751 1118 1817 uidetur
1137 1753 1266 1819 alienus

133 1887 202 1930 esse
225 1888 245 1930 a
267 1865 338 1930 Ter.
369 1866 495 1933 dicendi
524 1889 639 1951 genere
670 1867 779 1949 itaque
808 1866 936 1950 scripsit
958 1864 1187 1930 Fleckeisenus
1210 1889 1269 1932 no-

136 1983 251 2046 strum.
299 1979 362 2044 Sed
384 1985 494 2063 potest
516 1979 612 2045 lectio
634 1979 703 2046 cod.
748 1980 928 2057 Aseruari‚
951 1997 1089 2059 namquo
1101 1977 1269 2044 interdum

131 2091 217 2175 apud
239 2090 380 2157 Graecos
403 2098 436 2158 et
457 2092 593 2159 Latinos
614 2093 686 2176 ipsa
708 2111 847 2176 persona
863 2090 949 2155 dicta
971 2095 1154 2174 estpmeo,
1178 2091 1269 2174 quod

130 2205 297 2289 proprium
336 2212 386 2269 est
418 2226 584 2289 personae.
630 2204 708 2269 Tale
741 2203 923 2286 exemplum
960 2202 1058 2267 etiam
1096 2202 1167 2287 ipse
1191 2203 1268 2270 Ter.

133 2315 225 2381 nobis
264 2317 365 2383 dedit.
403 2321 522 2386 Heaut.
547 2321 624 2382 393:
664 2317 761 2383 Cuius
787 2338 856 2381 mos
887 2316 1059 2380 maximest
1089 2316 1269 2382 consimilis

131 2434 298 2511 uestrum3
336 2451 400 2495 uon
437 2432 521 2496 enim
552 2431 676 2511 „mori“
707 2434 814 2495 mente
842 2427 1026 2494 addendum
1049 2433 1099 2493 est
1122 2427 1165 2492 ad
1188 2450 1270 2509 „uo-

134 2548 270 2609 strum“.
309 2543 452 2608 Literam
477 2550 531 2625 „s“
566 2550 674 2608 autem
703 2543 736 2606 in
760 2543 918 2624 „nostris“
942 2540 1095 2607 facillime
1117 2541 1268 2624 potuisse

133 2656 212 2722 oriri
240 2676 280 2719 ex
306 2657 408 2737 inseq.
437 2657 486 2722 lit.
516 2662 570 2738 „s“
598 2656 825 2740 intellegimus.
870 2654 960 2719 Haut
993 2654 1108 2719 similis
1138 2655 1268 2737 uirgost

132 2769 294 2853 uirginum
317 2773 513 2838 nostrarum.
536 2769 619 2838 Eun.
640 2772 713 2836 313.
736 2768 866 2834 Domini
889 2767 1001 2832 similis
1025 2788 1068 2833 es.
1090 2766 1174 2833 Eun.
1186 2770 1264 2835 496.

134 2882 231 2971 (Nam
259 2883 307 2946 tui
339 2882 452 2946 similis
480 2889 530 2947 est
552 2881 661 2966 probe.
702 2886 823 2950 Heaut.
846 2881 954 2967 1020).
999 2879 1102 2958 Quam
1125 2886 1267 2963 uterque

134 3001 184 3061 est
213 2995 326 3060 similis
353 2997 412 3062 sui.
450 2996 578 3064 Phorm.
603 2996 675 3063 501.
718 2995 851 3060 Nullum
884 2994 978 3059 huius
1009 2993 1112 3058 simile
1135 2991 1270 3058 sactum.

133 3108 196 3176 Ad.
220 3113 271 3174 96.
294 3108 355 3173 Est
378 3108 491 3173 similis
514 3110 673 3174 maiorum
696 3129 797 3173 suom.
820 3108 883 3175 Ad.
904 3111 976 3174 411.
1003 3106 1085 3184 Quia
1100 3104 1272 3171 uidebitur

134 3223 237 3305 magis
260 3221 329 3286 ueri
353 3222 455 3286 simile
478 3221 512 3285 id
525 3243 602 3290 esse.
625 3225 745 3289 Heaut.
762 3221 888 3287 sorar.
917 3220 950 3285 si
963 3217 1042 3304 quid
1053 3218 1148 3283 huius
1164 3214 1271 3284 siririle

136 3335 291 3401 euenerit.
315 3337 434 3403 Heaut.
459 3337 531 3402 551.
554 3320 667 3399 Nonne
690 3333 750 3398 hoo
770 3334 907 3398 monstri
930 3333 1076 3399 similest.
1097 3330 1180 3398 Eun.
1193 3332 1269 3398 334.

136 3447 256 3513 Contra
278 3447 487 3513 adiectiuum:
527 3446 711 3513 Consimilis
734 3452 861 3511 etcum
884 3445 1054 3528 genetiuo:
1080 3443 1178 3509 Cuius
1201 3465 1271 3510 mos

134 3561 305 3625 maximest
338 3561 513 3626 consimilis
543 3566 701 3628 uestrum.
737 3563 856 3627 Heaut.
893 3559 966 3624 393.
996 3564 1028 3623 et
1060 3578 1131 3622 oum
1155 3556 1270 3622 datiuo

135 3676 276 3760 positum
299 3679 366 3739 est:
390 3676 450 3739 Isti
473 3675 596 3739 formae
619 3680 657 3738 ut
679 3694 785 3738 mores
809 3671 992 3736 consimiles
1008 3670 1124 3739 forent.
1147 3673 1270 3738 Heaut.

136 3791 209 3858 382.
229 3790 342 3854 Potest
365 3787 493 3871 quidem
517 3808 585 3851 esse
609 3788 706 3851 etiam
730 3786 919 3870 genetiuus3
951 3805 1023 3850 cum
1045 3784 1147 3866 antiq.
1168 3783 1269 3867 scrip-

136 3908 223 3967 tores
251 3899 355 3965 fzrma
384 3900 478 3982 „istr‘
507 3900 604 3965 etiam
634 3921 693 3983 pro
725 3900 859 3980 „istius“
883 3900 1063 3964 uterentur.
1087 3895 1144 3964 cfr.
1168 3895 1268 3976 Neue,

135 4013 363 4080 Formenlehre
386 4011 417 4080 d.
440 4014 497 4079 lat.
522 4012 593 4096 Spr.
609 4012 649 4092 ll,
675 4013 747 4079 151.
762 4010 819 4077 cfr.
840 4014 959 4078 Heaut.
974 4013 1067 4090 1019,
1084 4007 1140 4073 ubi
1155 4013 1267 4074 tamen

135 4127 199 4196 abl.
231 4125 374 4209 intellegi
402 4130 519 4210 potest.
552 4126 743 4209 Exemplum
766 4123 932 4189 adiectiui:
969 4122 1132 4188 dissimilis
1168 4118 1257 4205 apud

137 4239 322 4311 Terentium
356 4260 419 4307 uon
447 4239 565 4308 inueni.
612 4238 792 4326 Superstes.
821 4237 875 4303 Ita
903 4235 981 4302 mihi
1003 4241 1101 4320 atque
1122 4234 1199 4302 huie
1222 4219 1273 4300 si⁸
