2790 4748
671 179 712 240 38

127 379 226 448 oordi.
248 379 348 449 Andr.
372 385 444 448 328.
470 381 528 448 ofr.
550 381 678 447 Phorm.
702 384 776 450 800.
820 382 902 446 Nam
927 383 1005 447 milri
1027 382 1253 466 impedimento

127 493 214 560 estis.
237 492 337 561 Andr.
361 498 434 560 707.
458 494 515 561 cfr.
538 495 620 561 Eun.
645 500 717 576 430,
743 500 836 562 1004.
862 495 960 560 Andr.
983 485 1058 563 445.
1082 498 1174 562 Haeo
1197 519 1254 560 non

127 604 290 688 uoluptati
325 605 386 670 tibi
423 628 508 688 5555,
543 609 622 672 55515
652 614 740 674 55555
772 610 848 674 seio.
882 609 999 673 Heaut.
1023 612 1073 674 71.
1100 608 1158 674 515.
1183 609 1256 676 Heu

127 720 200 786 860.
234 718 352 784 Η5555.
390 721 481 785 1024.
514 719 642 788 Phorm.
667 724 740 786 588.
786 721 818 786 81
847 742 912 785 una
935 722 1014 786 haee
1037 720 1190 786 dedecori
1213 728 1257 786 est

130 851 256 914 parum.
289 831 406 899 Heaut.
441 835 514 898 334.
559 832 763 916 Quapropter
794 833 875 898 haee
898 855 949 898 555
972 855 1012 898 55
1035 835 1184 917 utiquam
1209 856 1259 899 ne-

129 943 267 1007 oleotust
288 943 377 1010 mihi.
401 944 517 1010 Heaut.
543 949 615 1011 357.
649 946 726 1010 Fuit
748 945 867 1011 indicio
890 948 1004 1011 oratio.
1042 947 1162 1014 Heaut.
1189 950 1258 1012 384.

88 1053 91 1059 ’
127 1056 179 1120 155
201 1077 317 1138 magno
341 1055 499 1121 desiderio
520 1057 581 1122 fuit
604 1059 634 1122 ei
655 1056 751 1127 filius.
775 1059 893 1124 Heaut.
917 1060 989 1126 753.
1013 1058 1070 1124 cfr.
1087 1058 1165 1124 ibid.
1188 1064 1259 1125 992.

129 1167 230 1232 Omne
263 1176 389 1251 tempus
422 1169 553 1238 luerost.
585 1171 664 1237 Η55.
693 1173 765 1239 287.
796 1171 856 1236 Cui
886 1170 960 1236 odio
983 1172 1073 1255 ipsus
1097 1177 1159 1237 555.
1184 1173 1261 1238 Η55.

128 1281 202 1346 343.
224 1281 284 1345 Est
305 1281 383 1345 mihi
407 1303 513 1349 curae.
539 1281 597 1350 Ad.
625 1287 694 1362 129,
719 1288 790 1363 680,
814 1288 889 1351 894.
923 1284 983 1361 Qui
1007 1284 1105 1359 alicui
1129 1287 1178 1349 rei
1203 1289 1262 1350 est.

101 1392 188 1458 Ad.
213 1395 286 1460 358.
324 1394 394 1458 Η55
423 1394 512 1459 laudi
543 1401 601 1461 555.
638 1395 695 1462 Ad.
720 1401 791 1461 418.
834 1397 882 1460 Ne
904 1404 1013 1461 mor‘ae
1036 1397 1116 1460 meis
1139 1398 1263 1480 nuptiis

129 1512 255 1590 egomet
286 1507 375 1573 siem.
409 1507 469 1574 Ad.
511 1511 582 1573 712.
619 1509 676 1576 515.
707 1507 784 1575 ibid.
815 1513 889 1575 904.
933 1510 1089 1592 Exemplo
1113 1509 1264 1574 omnibus

129 1640 277 1684 curarem
310 1625 347 1684 ut
380 1641 474 1687 55555.
513 1619 572 1688 Ad.
600 1622 673 1688 771.
718 1622 818 1686 Μ5551
847 1623 989 1705 puellam
1020 1621 1104 1688 dono
1129 1622 1263 1706 quidam

130 1737 291 1798 mereator
315 1731 414 1798 dedit.
453 1733 537 1800 Eun.
570 1733 639 1801 109.
669 1733 726 1803 ofr.
760 1734 836 1799 ibid.
870 1740 941 1815 654,
970 1735 1043 1816 749,
1074 1740 1147 1803 983.
1193 1736 1265 1799 Hoc

129 1844 210 1911 uitio
233 1844 338 1910 datur.
378 1844 437 1912 Ad.
461 1847 533 1912 418.
569 1847 626 1911 cfr.
660 1845 759 1910 Andr.
784 1852 812 1914 8.
859 1847 956 1911 Ducit
979 1868 1087 1912 secum
1109 1869 1176 1912 una
1199 1852 1266 1912 uir-

130 1959 236 2042 ginem
259 1957 342 2022 dono
364 1958 450 2024 huie.
479 1958 561 2024 Eun.
586 1964 658 2024 229.
683 1960 734 2023 Μ5
752 1981 823 2024 mea
835 1962 942 2024 omnia
954 1959 1038 2024 bona
1053 1959 1122 2024 doti
1140 1960 1264 2026 dixisse

129 2072 187 2138 illi.
227 2071 345 2137 Heaut.
376 2075 449 2138 942.
493 2070 620 2136 Laudin
643 2093 685 2136 an
708 2073 787 2137 uitio
812 2072 886 2136 duci
908 2073 934 2137 it
952 2072 1078 2157 'laetum
1100 2080 1267 2157 oporteat.

131 2184 191 2251 Ad.
215 2190 244 2250 5.
268 2184 325 2252 cfr.
349 2184 408 2248 Ad.
434 2189 505 2253 105.
531 2183 644 2250 Utrum
669 2185 818 2250 studione
841 2185 875 2250 id
899 2185 961 2250 sibi
982 2184 1081 2250 habet
1104 2207 1148 2250 an
1171 2186 1265 2250 laudi

131 2302 227 2382 putat
260 2297 349 2364 fore?
387 2297 447 2363 Ad.
472 2302 544 2364 382.
588 2298 659 2362 11151
692 2319 743 2362 me
767 2297 862 2363 oredo
884 2298 960 2362 huie
983 2319 1054 2363 5555
1077 2303 1193 2364 natum
1216 2301 1267 2364 rei

131 2409 274 2476 ferundis
296 2411 442 2475 miseriis.
467 2409 527 2477 Ad.
552 2415 622 2474 545.
656 2412 744 2476 Emit
766 2433 837 2476 eam
860 2409 943 2476 dono
966 2410 1054 2476 mihi.
1078 2410 1162 2478 Eun.
1190 2413 1266 2479 135.

133 2523 213 2588 Cum
236 2523 263 2587 15
285 2523 364 2587 nihil
387 2528 519 2604 mereat,
542 2524 708 2607 postulare
730 2523 764 2588 id
787 2525 911 2606 gratiae
934 2525 1053 2606 apponi
1075 2521 1147 2588 sibi.
1162 2524 1266 2592 Andr.

133 2637 207 2702 331.
240 2634 297 2701 515.
345 2636 443 2713 Quem
476 2635 556 2700 Fors
586 2635 710 2701 dierum
740 2657 865 2718 cunque
888 2634 979 2699 dabit
1002 2635 1091 2699 luero
1116 2636 1266 2719 Appone.

132 2748 247 2814 Horat.
272 2748 377 2814 Carm.
401 2749 426 2829 Ι,
450 2753 478 2829 9,
506 2753 553 2814 15.
578 2751 663 2832 Ager
686 2750 853 2832 oppositus
877 2747 1013 2831 pignori.
1037 2748 1166 2815 Phorm.
1192 2749 1271 2814 661.

132 2861 215 2927 Eam
237 2859 377 2926 ludibrio
399 2860 522 2927 haberi.
544 2861 622 2927 Hee.
650 2863 718 2925 149.
743 2859 799 2927 515.
822 2860 900 2927 ibid.
923 2860 995 2925 526.
1181 2851 1184 2856 ’

648 3115 675 3196 p.
700 3116 750 3178 20.

221 3307 268 3370 De
298 3304 410 3370 datiuo
445 3304 530 3387 apud
559 3303 732 3388 participia
759 3300 848 3368 uerb.
872 3303 991 3385 passiu.
1015 3300 1184 3366 Interdum
1209 3303 1270 3367 Te-

138 3420 261 3486 rentius
287 3438 346 3502 pro
368 3439 478 3501 praep.
507 3422 561 3496 „a“
588 3438 615 3484 0.
638 3415 701 3482 abl.
724 3416 833 3499 posuit
854 3415 1019 3494 datiuum,
1058 3415 1113 3496 qui
1137 3421 1187 3478 555
1211 3414 1270 3480 da·

135 3534 223 3598 51555
254 3530 422 3597 commodi.
467 3530 539 3594 Non
567 3534 619 3594 sat
648 3528 812 3593 commode
841 3527 946 3591 diuisa
968 3533 1043 3592 sunt
1065 3526 1268 3610 temporibus

135 3645 204 3726 tibi,
228 3645 330 3725 Daue,
352 3644 441 3709 haee.
464 3642 563 3709 Andr.
588 3647 660 3710 476.
684 3643 767 3706 Nam
790 3640 867 3704 mihi
883 3641 1110 3705 immortalitas
1126 3647 1267 3723 partast.

136 3757 235 3823 Andr.
260 3759 333 3821 960.
367 3755 466 3822 Uobis
489 3777 562 3820 oum
584 3777 648 3820 uno
673 3754 771 3819 semel
793 3753 848 3818 ubi
871 3759 1012 3818 aetatem
1035 3774 1131 3836 agere
1155 3740 1265 3819 deere-

136 3876 239 3935 tumst
260 3871 341 3938 uiro.
365 3869 483 3934 Heaut.
508 3872 580 3934 392.
611 3867 772 3932 Meditata
794 3867 872 3931 mihi
895 3871 971 3931 sunt
996 3866 1102 3932 omnia
1124 3887 1197 3932 mea
1220 3869 1268 3931 iu-

136 3981 315 4064 oommoda,
338 4003 411 4046 erus
435 3981 462 4046 si
483 3980 625 4045 redierit.
649 3978 778 4046 Phorm.
802 3980 873 4046 248.
913 3979 983 4044 Iam
1005 3980 1168 4044 instructa
1191 3985 1267 4045 sunt

135 4094 213 4160 mihi
236 4096 269 4158 in
292 4093 387 4160 oorde
411 4093 545 4159 consilia
568 4093 683 4158 omnia.
718 4091 845 4157 Phorm.
870 4096 941 4158 321.
978 4091 1043 4156 Uin
1061 4093 1142 4156 satis
1165 4111 1263 4174 quae·

136 4209 233 4276 situm
260 4208 339 4274 mihi
370 4209 455 4272 15555
484 4206 574 4272 esse?
597 4205 725 4272 Phorm.
748 4206 821 4274 811.
865 4203 959 4270 Unde
980 4205 1061 4271 haee
1083 4210 1268 4289 susceptast
