2790 4748
677 192 699 276 's

123 421 259 499 ⁸uenitur
281 419 380 485 ablat.
356 424 506 503 t‚quem
531 421 630 487 etiam
652 420 734 488 Eun.
758 423 829 485 223.
846 419 1007 514 praebent
987 399 1072 491 ted.
1093 399 1155 485 siet.
1169 383 1249 485 Um·

127 530 337 619 pfenbaohius
363 539 472 597 autem
507 552 578 597 oum
607 532 811 598 F‘leekeiseno
839 539 914 598 cont
914 555 952 597 ra
980 535 1042 626 Ben
1044 512 1178 597 tleium
1190 527 1250 596 nisi

77 699 86 716 .
126 643 322 722 auctoritate
355 643 423 709 cod.
472 644 618 710 Bembini
658 645 856 729 scripserunt
895 621 1027 724 „iliamf‘
1066 624 1252 744 Quaeritur

126 756 206 836 iam,
238 768 323 820 num
345 776 410 838 qua
442 757 578 822 inueniri
614 756 738 841 possint
775 757 921 840 exempla
953 754 1044 821 uerbi
1083 737 1249 834 ,μοιιιιιιιιι

52 904 54 908 v
127 868 503 935 comunct1cumaccus
527 867 1130 951 Itainuenis.1dquodamocareo
1149 845 1253 932 Piaut

132 979 225 1046 Cure.
257 983 331 1059 136,
365 985 399 1045 et
430 1002 512 1064 quae
542 981 673 1047 maioris
696 979 848 1046 momenti
872 985 963 1044 sunt:
994 979 1082 1044 Meos
1104 976 1220 1062 parent
1222 964 1255 1042 es

128 1112 231 1158 careo.
262 1092 360 1177 Turp.
388 1113 439 1177 ap.
468 1093 548 1159 Non.
579 1114 610 1178 p.
633 1093 717 1172 466,'
740 1096 769 1160 8.
792 1092 915 1176 Uirque
937 1090 1015 1156 mihi
1038 1089 1169 1174 dempto
1192 1075 1256 1154 tine

121 1203 287 1282 ¹carendus
316 1203 418 1271 abest.
443 1204 535 1270 Ouid.
558 1204 689 1271 Heroid.
715 1210 742 1285 1,
766 1205 817 1271 50.
850 1204 982 1298 Passiue
1003 1201 1183 1282 adhibitum
1206 1208 1257 1268 est

120 1307 162 1394 h
185 1339 216 1382 u.
240 1339 270 1384 a.
294 1316 395 1384 Marc.
418 1317 510 1401 Emp.
534 1318 591 1385 cfr.
613 1316 752 1383 indicem
775 1315 888 1382 uocab.
912 1304 1021 1411 mossi-
1039 1337 1064 1382 s.
1080 1315 1111 1380 h.
1128 1335 1158 1380 u.
1182 1314 1258 1392 Qut-

129 1427 189 1493 bus
211 1428 366 1514 exemplis
390 1434 568 1495 commotus
591 1429 706 1496 faciam
730 1450 802 1494 cum
824 1428 1031 1494 Fleckeiseno
1054 1433 1087 1492 et
1103 1426 1257 1510 Umpfen·

128 1540 252 1608 bachio.

655 1699 736 1784 ae
834 1689 858 1753 ⁴

170 1901 173 1906 ’
217 1871 263 1936 Do
282 1892 387 1938 accus.
404 1874 479 1956 post
504 1870 605 1936 uerba
622 1869 808 1954 composita.
833 1870 888 1935 cfr.
911 1868 1018 1935 Madu.
1047 1869 1158 1938 Gran.
1181 1870 1254 1937 Lat

131 1986 158 2070 ᾗ.
181 1984 254 2050 224.
277 2006 306 2064 a,
329 1983 359 2050 b.
404 1982 512 2050 Adire.
541 1982 747 2080 Aliquotflme
769 1982 928 2049 adierunt.
953 1981 1052 2048 Andr.
1077 1981 1149 2048 534.
1191 1972 1256 2048 Sed

117 2095 208 2188 'qnid
239 2117 345 2160 cessas
375 2095 535 2162 hominem
558 2093 646 2158 adire
671 2101 703 2158 et
725 2094 842 2159 blande
864 2095 896 2158 in
920 2094 1076 2178 principio
1101 2093 1257 2178 adloqui?

131 2206 259 2310 Phorm.
283 2211 361 2301 252.Ι
397 2205 459 2272 Sed
482 2227 569 2272 cesso
592 2205 682 2272 adire
706 2226 803 2289 quam
817 2207 955 2291 primum
967 2208 1099 2272 senem?
1131 2199 1266 2309 Phorm.

128 2322 206 2389 285.
254 2320 296 2384 At
317 2326 354 2384 tn
376 2321 596 2403 magistratus
626 2317 689 2386 adi.
733 2318 861 2384 Phorm.
894 2322 966 2385 403.
1013 2318 1115 2385 Adibo
1148 2319 1254 2385 hosce.

128 2433 260 2522 *Phorm
293 2431 365 2499 609.
389 2432 445 2499 cfr.
469 2433 547 2500 Hec.
571 2433 643 2499 420.
671 2432 747 2498 Adii
768 2437 802 2495 te
824 2431 894 2496 heri
917 2430 1055 2498 de'filia.
1080 2432 1157 2499 Hoc.
1182 2436 1256 2499 251.

132 2546 335 2611 Meretricem
347 2543 428 2610 hane
441 2546 580 2628 primum
602 2544 782 2612 adeundam
798 2564 921 2610 censeo.
945 2544 1022 2610 Hec.
1043 2549 1113 2610 710.
1138 2545 1256 2609 Trans-

131 2659 198 2725 late
220 2656 399 2723 adhibitum
422 2663 483 2722 est:
508 2657 630 2746 Capitis
649 2636 805 2742 periclum
823 2655 922 2723 adire.
948 2655 1046 2721 Andr.
1072 2661 1144 2723 677.
1169 2657 1255 2722 Satis

132 2771 244 2857 pericli
267 2771 371 2854 incepi
393 2770 492 2836 adire.
514 2769 611 2836 Andr.
636 2774 708 2834 82].
731 2770 1004 2852 Praepositionem
1024 2766 1258 2834 addidisses:

134 2883 247 2950 Adeon
269 2882 427 2949 adeum?
460 2882 559 2948 Andr.
583 2886 654 2949 315.
680 2881 843 2947 Adeamne
866 2880 907 2944 ad
930 2881 1023 2945 eum?
1058 2879 1156 2946 Andr.
1180 2885 1255 2948 639.

133 2996 182 3063 Ad
204 3001 406 3081 precatorem
428 2995 541 3061 adeam
565 2993 670 3061 credo.
699 2994 826 3059 Phorm.
853 2995 922 3059 140.
946 2992 994 3057 Ne
1017 2994 1068 3058 uir
1089 2994 1261 3078 quisquam

132 3110 174 3176 ad
207 3129 277 3174 eam
306 3107 412 3174 adeat.
446 3108 527 3173 Eun.
558 3107 631 3174 578.
663 3106 711 3171 Ex
738 3104 853 3190 quibus
882 3105 1034 3189 exemplis
1060 3106 1125 3170 iam
1155 3106 1259 3188 uides,
1306 3153 1310 3156 -

133 3224 205 3288 Ter.
229 3222 358 3305 saepius
381 3221 496 3286 Plauto
518 3220 591 3285 hnic
614 3218 713 3284 uerbo
736 3217 921 3283 adiunxisse
939 3217 1116 3303 simplicem
1130 3239 1286 3285 aecusa-v

88 3411 90 3416 ,
132 3336 246 3401 tinum
269 3334 317 3400 De
340 3333 457 3398 Plauto
479 3334 562 3398 enim
587 3332 642 3398 esr.
667 3331 864 3397 Fleckeiseni
888 3350 991 3396 exerc.
1015 3331 1119 3399 Plaut.
1143 3354 1173 3416 p.
1192 3336 1259 3400 40:

41 3502 50 3521 ,
98 3532 101 3537 ¹
137 3446 336 3527 „Familiaris
358 3445 472 3511 Plauto
495 3454 544 3511 est
565 3444 686 3510 locutio
709 3443 848 3510 adeundi
872 3442 913 3508 ad
935 3445 1094 3527 aliquem,
1124 3467 1261 3531 perrara

132 3558 273 3626 adeundi
295 3559 435 3642 aliquem
445 3565 471 3643 3⁸
499 3557 539 3623 de
561 3557 743 3623 discrimine
766 3567 884 3635 autem,
907 3557 994 3639 quod
1017 3559 1151 3624 interest
1173 3558 1261 3624 inter

133 3673 213 3738 duas
240 3671 298 3737 has
321 3672 575 3736 constructiones
610 3669 679 3736 vide
706 3664 814 3737 Madu.
838 3671 893 3740 Gr.
917 3672 953 3738 L.
984 3675 1011 3757 ξ.
1034 3673 1106 3736 224.
1140 3671 1171 3739 b.
1195 3670 1260 3755 Sed

97 3833 99 3838 -
137 3789 272 3870 excepto
295 3784 438 3869 exemplo
459 3783 543 3849 Eun.
569 3783 639 3851 578.
663 3804 721 3868 per
739 3805 773 3849 se
790 3783 921 3867 quidem
937 3784 1034 3849 etiarn
1050 3783 1165 3849 ceteris
1177 3781 1257 3848 locis

134 3898 219 3965 adici
241 3899 370 3982 poterat
393 3897 498 3981 simpl.
522 3916 627 3964 accus.
649 3917 753 3980 neque
775 3897 847 3963 Ter.
875 3897 940 3962 iam
962 3897 1053 3962 nouit
1076 3884 1259 3977 discrimen,

135 4010 222 4098 quod
244 4007 359 4077 statuit
381 3990 566 4094 Maduigius
588 4009 675 4094 apud
696 4009 891 4094 posteriores
914 4010 1096 4093 scriptores.
1120 4008 1259 4080 Adoriri.

56 4169 60 4176 -
136 4125 234 4191 Cesso
255 4123 340 4189 hunc
362 4121 504 4188 adoriri?
524 4122 651 4210 xHeaut.
681 4128 753 4192 757.
776 4121 833 4191 cir.
858 4121 958 4189 Andr.
984 4126 1056 4190 478.
1068 4109 1160 4187 'Eun
1184 4118 1257 4189 605.

134 4237 194 4304 Ad.
219 4239 290 4302 404.
335 4234 525 4302 Adcurrere.
549 4236 702 4304 Adcurrit
724 4235 767 4304 ad
789 4256 850 4304 me.
873 4233 955 4301 Eun.
970 4237 1042 4303 335.
1059 4235 1116 4302 cfr.
1131 4233 1259 4302 Phorm.
