2790 4748
193 684 264 751 Ter.
296 685 402 751 interi.
436 690 489 764 ,o“
525 706 596 750 cum
633 685 856 752 nominatinuo
886 687 957 752 loco
985 687 1164 752 accusatiui
1188 708 1242 751 ex-

107 798 200 862 olam.
237 802 294 861 aut
323 798 465 861 uocatiui
497 797 712 863 adlocutionis
734 820 798 864 non
821 797 953 863 uidetur
975 799 1128 866 iunxisse.
1160 800 1240 879 Eho,

106 910 195 989 hene,
220 931 269 989 en,
293 931 383 992 euge,
407 931 465 992 pro
489 911 657 996 (exceptoz
681 931 740 994 pro
764 909 858 979 deum
881 909 990 995 fidem)
1011 932 1241 994 semperprae-

107 1021 186 1085 bent
209 1023 397 1087 uocatiuum
422 1021 653 1104 adlocutionis3
676 1021 740 1086 heu
763 1042 889 1106 semper
913 1023 1240 1090 accusexolamatio-

107 1135 165 1199 nis,
190 1134 274 1215 Ecce
298 1155 424 1218 semper
446 1133 544 1199 habet
564 1155 671 1201 accus.
696 1156 734 1199 ao
757 1135 943 1219 saepissime
964 1157 1239 1220 superuacaneum

52 1311 57 1321 ,
106 1269 198 1333 pron.
228 1247 401 1313 demonstr.
436 1249 514 1328 „is“,
544 1253 714 1331 praeterea
745 1248 934 1332 plerumque
958 1270 1030 1313 oum
1052 1249 1241 1332 pronomine

107 1360 208 1442 inseq.
232 1360 265 1422 in
289 1358 424 1424 uerbum
448 1383 546 1425 unum
566 1361 730 1428 coalescit.
753 1361 824 1427 Em.
849 1363 885 1429 A.
902 1361 1050 1426 Inestuis
1066 1360 1241 1429 demonstr.

109 1478 207 1554 atque
223 1473 428 1556 coniungitur
444 1472 477 1560 a)
502 1494 574 1538 cum
598 1495 704 1539 accus.
728 1471 763 1559 b)
788 1494 860 1538 cum
883 1471 1009 1558 datiu03
1033 1474 1069 1537 B.
1092 1473 1177 1538 inest
1192 1474 1243 1538 uis

108 1583 323 1649 adlocutionis
361 1591 393 1650 et
423 1586 628 1670 coniungitur
659 1607 731 1651 cum
753 1568 916 1653 uocatino.
961 1586 1010 1664 Ei,
1033 1607 1095 1650 uae
1118 1608 1243 1669 semper

107 1696 316 1764 inueniuntur
349 1719 421 1761 oum
453 1698 520 1766 dat.
549 1698 622 1764 Uah
645 1697 775 1763 uidetur
796 1697 952 1782 praebere
975 1719 1082 1766 accus.
1106 1699 1239 1766 exclam.

592 1978 619 2062 §-
646 1979 695 2044 12.
719 1977 756 2041 Β.

195 2166 275 2231 Cum
298 2165 397 2232 norbo
420 2166 557 2232 faciendi
581 2154 650 2235 etc.¹
665 2168 812 2234 notione:
835 2168 896 2233 mit
916 2167 1046 2233 iemand
1064 2168 1163 2233 thuan
1181 2173 1241 2235 etc.

109 2279 238 2361 saepius
261 2279 365 2344 iunxit
388 2277 451 2346 abl.
476 2301 574 2362 quam
597 2279 760 2361 datiuum3
782 2280 832 2346 bis
852 2281 1017 2346 inuenitur
1027 2279 1139 2366 praep.
1151 2281 1243 2362 „de.“

623 2539 650 2622 a.
676 2539 725 2602 14.

201 2727 368 2809 „Addere“
381 2749 540 2810 nusquam
557 2726 697 2811 repetita
717 2747 828 2811 praep.
840 2727 1015 2793 inuenitur.
1032 2726 1243 2808 „adducerer

111 2864 237 2926 semper
260 2840 403 2925 praebet,
426 2843 556 2905 notione
580 2861 658 2906 uera
681 2847 713 2905 ot
735 2840 905 2921 translata,
928 2841 1100 2924 repetitam
1116 2863 1243 2924 praep.;

110 2954 237 3020 adferre
261 2954 406 3018 datiuum
441 2955 571 3020 notione
594 2954 765 3033 translata,
791 2953 964 3037 repetitam
985 2975 1097 3038 praep.
1113 2953 1244 3019 notione

111 3087 207 3150 uera,
231 3066 368 3146 adicere,
393 3066 533 3150 adigere,
549 3065 734 3149 adiungere,
758 3063 921 3148 adpellere
937 3071 1089 3149 repetunt
1119 3087 1243 3150 praep,

111 3179 167 3245 sed
202 3185 278 3264 post
308 3180 459 3264 simplex:
494 3180 625 3261 iungere
659 3177 822 3242 inuenitur
855 3177 994 3246 datiuus.
1062 3178 1245 3264 Adportare

110 3314 174 3357 non
197 3292 315 3375 repetit
337 3310 464 3374 praep,
502 3290 689 3370 admittere,
718 3288 902 3381 adcersere,
931 3290 1096 3374 adplicare
1117 3312 1243 3374 semper

111 3410 262 3489 repetunt
292 3425 403 3487 praep.
437 3403 545 3468 Uerba
569 3404 746 3487 composita
770 3423 842 3467 cum
865 3424 977 3488 praep.
1001 3409 1130 3483 ‚,cum“:
1170 3425 1243 3469 con·

111 3515 204 3598 serre,
229 3537 430 3600 comparare,
463 3517 663 3582 committere
685 3536 749 3580 non
772 3519 924 3597 repetunt
946 3536 1077 3599 praep,
1110 3515 1166 3581 sed
1188 3538 1245 3600 po-

111 3635 192 3695 nunt
225 3636 283 3694 aut
310 3631 406 3694 aliam
438 3651 548 3714 praep.
582 3629 741 3717 (conferre
775 3630 808 3693 in
831 3628 983 3711 aliquem,
1021 3629 1167 3695 conferre
1191 3628 1243 3712 ad,

112 3764 300 3827 comparare
335 3742 393 3823 ad,
432 3743 632 3807 committere
668 3741 715 3828 in)
749 3747 807 3806 aut
845 3738 991 3805 datiuum
1027 3740 1243 3829 (committere

112 3857 235 3940 alicui).
275 3855 450 3941 ,.Eripere“
481 3854 579 3921 habet
606 3854 782 3938 repetitam
802 3874 913 3937 praep.
937 3860 970 3918 et
992 3875 1102 3939 praep.
1126 3859 1187 3934 „a“
1211 3858 1243 3919 et

112 3968 269 4034 datiuum.
303 3968 512 4052 ,.Imponere“
535 3969 655 4051 repetit
676 3989 787 4052 praep.
812 3967 1023 4053 „Impingere
1047 3967 1243 4051 infringero“

110 4081 232 4147 habent
254 4081 410 4149 datiuum.
434 4082 557 4146 Inicere
579 4102 658 4146 nera
680 4082 810 4147 notione
833 4082 952 4166 repetit
974 4101 1095 4165 praep,
1128 4081 1243 4146 ceteris

113 4196 193 4262 locis
215 4195 315 4262 habet
338 4194 497 4263 datiuum.
520 4193 666 4261 inserere
685 4193 804 4280 repetit
826 4214 938 4280 praep.
968 4192 1078 4261 Uerba
1102 4214 1243 4278 compos.
