2790 4748
572 294 594 297 -.
620 193 760 299 ..Q

91 413 222 492 optato.
246 403 445 475 uaniora
469 407 510 473 al.
536 408 598 473 Sed
622 407 680 476 cfr.
695 407 790 473 Illum
804 414 842 472 ut
856 410 957 490 uiuat,
973 417 1097 493 optant,
1120 432 1223 479 meam

99 526 208 584 autem
238 527 374 586 mortem
411 527 599 604 exspectant
625 522 756 586 scilicet.
781 521 840 586 Ad.
865 527 936 584 874.
983 523 1052 600 Quo
1074 524 1144 588 loco
1166 534 1225 608 pe'r

91 634 333 698 attractionem
364 631 543 697 subiectum
571 635 801 699 enuntiationis
832 656 893 699 sec.
938 641 1099 699 mutatum
1121 636 1224 701 estin

97 744 261 810 obiectum
284 746 517 810 enuntiationis
544 746 728 829 primariae.
774 746 900 812 Addam
923 745 998 810 huic
1020 748 1224 831 paragrapho

98 857 226 923 dicendi
254 857 427 924 formulas:
464 858 547 922 uelle
577 858 717 941 aliquem
747 857 885 941 aliquid;
935 880 1048 940 cogere
1084 859 1223 943 aliquem

96 969 246 1054 'aliquidp
263 971 410 1055 exempla
418 977 526 1035 autem
548 970 743 1035 Terentiana
765 977 840 1034 suut
862 969 959 1035 haec:
983 971 1043 1035 Dic
1066 971 1143 1053 quid
1166 978 1224 1053 eat,

93 1083 187 1166 -quod
209 1102 261 1147 me
282 1084 372 1149 uelis.
398 1083 495 1149 Andr.
519 1090 571 1150 45.
597 1083 654 1150 cfr.
677 1082 776 1151 Andr.
800 1083 977 1149 53611611.
1000 1084 1072 1161 336.
1096 1076 1224 1152 Phorm.

99 1198 171 1276 151,
206 1200 278 1261 458.
312 1195 394 1262 Heu.
429 1196 503 1262 429.
550 1195 642 1274 Quod
673 1198 806 1270 vostris
841 1197 936 1278 cogit.
984 1195 1042 1260 Ad.
1070 1197 1143 1260 490.
1167 1197 1223 1261 cir.
1343 1235 1347 1243 ·

94 1307 225 1374 Phorm.
249 1310 320 1373 238.

188 1440 190 1444 ’
620 1468 701 1552 §.a
796 1524 839 1531 „

118 1672 121 1680 =
184 1637 233 1715 ld,
257 1636 328 1719 hoc,
350 1638 441 1718 illud,
463 1638 558 1718 idem,
582 1637 679 1721 quod,
701 1637 791 1717 nihil,
805 1655 923 1716 unum,
946 1638 1049 1702 multa
1073 1645 1142 1710 cet.
1156 1660 1226 1709 sae-

101 1748 173 1831 pius
203 1747 311 1814 uerbis
339 1754 372 1822 et
396 1757 495 1814 trans.
519 1757 552 1815 et
574 1751 712 1831 intrans.
741 1749 891 1833 adiungi,
920 1771 985 1832 quo
1004 1772 1090 1834 quae
1113 1752 1226 1816 sitnia

57 1864 58 1871 ’
100 1859 192 1924 uerbi
215 1869 437 1944 quantumque
468 1864 578 1927 ualeat
600 1863 634 1927 in
659 1862 846 1926 uniuersum
869 1859 1082 1944 significetur,
1115 1871 1226 1929 notum

95 1981 159 2039 eat.
203 1974 318 2053 Qualia
341 1975 487 2059 exempla
510 1996 562 2059 ap.
587 1975 714 2040 Terent.
738 1975 948 2040 inueniuntur
970 1972 1076 2042 multa
1095 1988 1128 2040 et
1148 1995 1228 2041 nnu-

102 2086 190 2151 nulla
212 2089 299 2152 ¹satia
340 2095 519 2152 memoratu
551 2087 657 2171 digna.
686 2087 743 2154 cfr.
771 2087 894 2152 Horum
923 2088 977 2151 ille
999 2088 1086 2160 nihil
1102 2089 1228 2172 egregie

104 2208 235 2282 praeter
271 2207 380 2266 cetera
410 2200 563 2266 studebat
587 2208 619 2266 et
646 2206 754 2265 tamen
776 2200 884 2265 omnia
912 2201 994 2264 haec·
1014 2200 1228 2267 mediocriter.

102 2312 201 2380 Andr.
226 2318 277 2380 59.
301 2314 357 2378 cfr.
381 2313 459 2378 Hoc.
485 2316 555 2378 199.
580 2312 697 2381 Heant.
717 2316 789 2377 332.
814 2312 897 2395 Quia
909 2333 972 2376 nou
987 2313 1084 2391 iusta,
1106 2313 1229 2376 iniusta

19 2403 27 2418 ⁵
101 2446 235 2511 prorsus
268 2428 375 2492 omnia
401 2428 530 2493 omniuo
564 2423 733 2509 obsequor.
762 2422 822 2490 Ad.
852 2425 925 2488 990.
970 2424 1050 2490 Mihi
1072 2423 1231 2509 imperaui

103 2540 210 2604 omnia
231 2538 511 2604 adsentari.‘Eun.
535 2539 610 2604 253.
632 2535 886 2604 Saluemultum.
910 2535 989 2600 Hec.
1006 2540 1057 2602 83.
1074 2536 1130 2601 cfr.
1149 2536 1228 2601 Heu.

102 2652 179 2717 460.
209 2637 327 2719 Heaut.
357 2652 429 2717 982.
464 2652 568 2735 Magis
592 2671 694 2720 ,uuum
724 2652 823 2715 etiarn
845 2651 967 2714 instare
988 2656 1025 2713 ut
1047 2687 1089 2697 --
1111 2647 1229 2714 Heaut.

104 2767 177 2831 895.
200 2763 319 2830 Uerum
342 2764 403 2829 hoc
429 2771 461 2828 te
486 2785 600 2829 moneo
623 2784 731 2828 unum.
752 2763 829 2827 Hac.
854 2767 925 2826 766.
943 2761 999 2827 cfr.
1016 2762 1144 2828 Phorm.
1157 2763 1230 2840 221,

106 2877 205 2942 Andr.
229 2883 300 2942 918.
324 2877 384 2942 Ad.
409 2881 481 2941 857.
505 2877 622 2941 Heant.
646 2881 718 2941 353.
743 2875 776 2941 Si
798 2877 964 2940 remittent
986 2875 1152 2958 quippiam
1175 2874 1231 2940 do·

104 2989 197 3053 lorea.
222 2988 299 3054 Hec.
323 2994 395 3057 349.
419 2991 503 3055 Num
525 2991 579 3054 ille
598 2989 736 3055 somniat
758 3008 806 3067 ea,
829 3006 913 3070 quae
934 2986 1074 3069 uigilans
1098 2988 1229 3052 uoluit?

99 3100 204 3166 Andr.
228 3106 300 3167 971.
324 3102 417 3168 Nunc
439 3103 473 3168 id
494 3103 616 3186 prodeo
638 3107 674 3166 nt
698 3138 737 3150 -
760 3098 849 3166 Eun*
863 3102 960 3166 1005.
984 3100 1025 3164 Di
1040 3097 1228 3165 'tibi'omnes

105 3215 138 3279 id
167 3215 254 3299 quod
283 3229 316 3280 es
348 3215 464 3299 dignun
488 3215 589 3280 duint.
603 3214 741 3281 Phorm.
764 3216 836 3280 519.
881 3211 960 3278 Idne
982 3213 1060 3277 estis
1082 3219 1232 3278 auctores

57 3362 62 3369 ·
105 3328 206 3393 mihi?
241 3329 300 3395 Ad.
323 3334 395 3397 939.
420 3329 457 3393 Id
480 3327 595 3393 amabo
618 3327 731 3392 adiuta
753 3347 821 3392 me.
860 3325 942 3392 Eun.
967 3327 1038 3391 150.
1083 3325 1175 3389 Nunc
1197 3322 1231 3388 id

106 3464 237 3527 operam
260 3444 310 3509 dn.
334 3443 438 3508 Andr.
459 3447 528 3506 157.
552 3441 608 3507 cfr.
630 3440 728 3505 Andr.
744 3442 816 3505 307.
840 3437 910 3503 Iam
925 3437 958 3503 id
975 3437 1109 3520 gaudeo.
1133 3434 1233 3502 Andr.

106 3549 1345 3636 mmmmmmmmmmm.‘

96 3673 233 3738 ⁵Phorm.
257 3673 351 3734 1052.
365 3659 458 3735 'Nam
482 3667 569 3752 quod
591 3668 728 3732 antehac
751 3666 843 3744 fecit,
866 3663 944 3728 nihil
968 3661 1084 3727 adme
1106 3662 1233 3725 attinet.

107 3772 1236 3857 mammfflmmmmmmmmms

107 3905 156 3962 est
189 3904 268 3964 arte.
296 3895 395 3962 Andr.
434 3899 486 3962 32.
515 3895 571 3959 cfr.
604 3894 663 3960 Ad.
697 3898 766 3959 142.
795 3891 878 3957 Eun.
910 3893 980 3953 765.
1018 3886 1136 3954 Heaut.
1161 3887 1234 3952 171.

95 4009 243 4079 2Plrorm.
261 4012 342 4079 715.
362 4051 364 4075 ;
388 4009 468 4088 Cum
492 4009 570 4073 nihil
594 4006 701 4078 obsint
722 4002 935 4072 (10111501.
962 3994 1032 4069 1'60.
1055 3999 1111 4066 cfr.
1136 3996 1234 4063 Andr.
1322 4066 1326 4071 ,

106 4125 181 4187 204.
205 4123 291 4187 Nihil
314 4123 434 4187 circum
459 4123 557 4185 itione
580 4141 657 4184 usus
679 4140 724 4184 es.
748 4117 847 4184 Andr.
862 4108 943 4179 202.
974 4113 1074 4192 'Quid
1098 4112 1233 4194 gestiam

108 4242 165 4300 ant
194 4235 271 4318 quid
298 4236 401 4300 laetus
429 4234 502 4300 sim.
529 4234 612 4300 Eun.
640 4237 711 4298 555.
743 4230 801 4298 cfr.
831 4231 912 4296 Eun.
945 4233 1019 4309 558,
1040 4229 1112 4304 829,
1142 4231 1233 4294 1034.
