2790 4748
732 134 772 209 18
847 246 876 250 Μ

187 347 278 416 illum
317 349 442 434 priores
474 355 585 435 partes
620 349 716 416 hosce
746 350 879 434 aliquod
905 351 975 418 dies
1004 353 1091 438 apud
1112 375 1164 418 me
1185 351 1319 420 habere.

190 465 271 531 Eun.
309 469 379 529 151.
411 463 468 528 cir.
496 464 577 529 Eun.
605 465 675 540 187,
708 467 779 543 193,
803 468 876 545 223,
901 465 972 545 636,
997 468 1069 531 277.
1102 467 1222 533 Heaut.
1249 473 1339 550 118,-

189 581 265 649 752.
290 577 417 641 Phorm.
454 580 522 642 159.
546 575 673 642 Phorm.
697 576 871 642 5251155.
895 581 945 655 87,
971 579 1043 656 177,
1069 583 1138 644 185.
1162 578 1224 648 Ad.
1245 584 1317 646 332.

189 692 297 756 Α5555
326 695 435 755 natast
464 687 613 755 sedecim.
636 688 717 754 Eun.
749 688 1004 754 5265151155.
1030 694 1101 755 693.
1124 691 1243 757 Heaut.
1267 693 1328 757 62.

192 807 239 868 An
273 802 354 868 abiit
388 802 452 866 iam
483 821 503 865 a
532 801 654 865 milite?
699 800 894 881 Iandudum,
937 808 1089 867 aetatem.
1124 803 1206 868 Eun.
1245 808 1319 871 734.

193 917 376 995 „Aetatem“
412 913 497 979 dixit
522 914 650 979 Terent.
681 921 718 978 ut
740 916 940 997 antiquiores
962 918 1095 998 politae,
1125 937 1185 998 pro
1211 916 1315 996 „diu.“

192 1027 252 1095 cir.
275 1027 394 1095 Heaut.
423 1030 495 1092 716.
528 1026 607 1094 Hec.
639 1031 714 1106 747;
746 1027 820 1091 5165
849 1028 961 1092 etiam:
998 1026 1103 1093 Plaut.
1127 1024 1221 1096 Cure.
1245 1033 1360 1097 554...‘

188 1142 241 1208 As.
266 1144 338 1209 284.
361 1140 491 1207 Lucret.
515 1142 625 1220 6‚236.
651 1138 721 1221 Ego
743 1140 827 1204 istuc
848 1139 967 1205 aetatis
983 1162 1047 1206 non
1067 1143 1318 1225 amori-operam

187 1251 314 1317 dabam.
352 1251 468 1317 Heaut.
506 1255 576 1316 110.
612 1252 717 1332 „Istuc
746 1254 884 1317 aetatis“
916 1253 1038 1318 dictum
1071 1261 1122 1318 est
1151 1275 1210 1338 pro
1235 1256 1319 1332 „ista

188 1370 324 1430 aetate.“
350 1364 422 1430 Huc
444 1365 543 1429 etiam
567 1364 755 1431 referendus
778 1372 828 1431 est
850 1386 919 1430 acc.
941 1370 1041 1450 temp.
1064 1386 1137 1430 cum
1161 1365 1314 1447 ‚‚abhinc⁴‘¹

189 1478 388 1559 coniunctus,
411 1483 509 1561 atque
532 1475 593 1542 sibi
616 1478 762 1542 constitit
785 1478 857 1545 Ter.
880 1499 1006 1561 semper
1027 1485 1123 1543 utens
1137 1499 1245 1544 accus.
1260 1478 1345 1545 cin·-

191 1591 332 1676 lnterea
363 1589 478 1654 mulier
526 1587 683 1672 quaedam
726 1588 841 1654 abhinc
879 1591 1052 1657 triennium
1089 1591 1151 1658 huc
1190 1593 1336 1674 commi.-¹¹

193 1704 312 1785 grauit.
336 1703 435 1768 Andr.
460 1707 509 1768 69.
533 1701 590 1766 cfr.
614 1701 741 1767 Phorm.
769 1704 859 1770 1017.
899 1702 977 1770 Hoc.
1000 1707 1073 1771 822.
1105 1704 1220 1768 Aecus.
1244 1725 1339 1787 pen·-

192 1815 306 1880 deutes
328 1814 370 1880 ab
387 1815 556 1879 adiectiuis
576 1813 823 1895 „dimensionem
835 1816 902 1881 sine
914 1823 1114 1880 mensuram“
1136 1815 1322 1898 significan-

191 1927 279 1994 tibus
301 1926 388 2011 apud
411 1927 482 1992 Ter.
506 1948 569 1992 nou
593 1927 711 1992 inueni.
729 1926 840 2011 Neque
857 1947 962 1992 55555.
983 1928 1191 2008 „distantiae“
1220 1927 1322 1994 habes

191 2041 371 2124 exemplum
407 2040 486 2104 nisi:
527 2039 617 2104 Haut
652 2039 790 2103 multum
822 2061 843 2104 a
874 2060 925 2104 me
959 2038 1065 2108 aberit
1098 2039 1347 2120 infortunium·-

189 2153 306 2219 Heaut.
330 2154 403 2217 668.

701 2379 730 2464 5.
753 2379 804 2444 11.
872 2352 875 2357 ’

277 2597 324 2660 De
368 2570 475 2661 accus.
521 2593 763 2661 exclamationis
796 2601 828 2660 et
865 2594 905 2661 de
936 2596 1096 2660 uocatiuo.
1163 2595 1324 2679 Exempla.

192 2711 224 2797 h.
268 2729 335 2773 acc.
385 2704 472 2790 apud
516 2705 701 2770 Terentium
751 2714 825 2771 sunt
876 2707 1024 2790 plurima.
1092 2708 1138 2773 Ao
1182 2709 1321 2791 primum

195 2821 370 2905 simplicem
408 2839 513 2884 accus.
553 2817 667 2883 habes:
711 2819 751 2884 Di
782 2826 926 2884 nostram
953 2819 1063 2886 fideml
1113 2820 1213 2888 Andr.
1248 2823 1322 2900 716,

192 2939 263 2998 744.
308 2931 366 2995 cfr.
409 2930 508 2998 Andr.
542 2931 615 3008 240,
654 2936 725 3012 788,
761 2936 833 2998 869.
867 2931 950 2999 Eun.
991 2937 1042 3013 81,
1082 2935 1153 2999 197.
1191 2932 1320 2998 Phorm.

194 3046 265 3109 749.
285 3043 374 3110 -Η55,
406 3046 479 3110 205.
510 3043 568 3111 Ad.
593 3047 665 3122 291,
687 3045 760 3112 310.
783 3046 856 3114 486.
879 3046 921 3111 51.
956 3045 1151 3112 Uooatiuum
1173 3046 1348 3109 iuuenis:-

194 3157 266 3247 Mea
289 3155 483 3239 Glycerium,
506 3157 620 3240 inquit,
645 3156 722 3238 quid
737 3159 834 3239 agis?
857 3157 956 3226 Andr.
976 3159 1046 3224 134.
1062 3157 1104 3223 51.
1129 3156 1320 3240 Saepissime

192 3276 300 3334 sautem
323 3268 449 3334 addidit
472 3268 600 3334 Terent.
623 3270 871 3335 interiectioues.
914 3269 940 3334 0
963 3269 1122 3335 hominem
1145 3269 1348 3341 audacemlg

192 3381 292 3472 Andr.
316 3385 387 3449 769.
412 3382 616 3463 Oingentem
634 3380 877 3446 confidentiam!
903 3381 1002 3446 Andr.
1016 3386 1088 3447 876.
1114 3381 1140 3446 0
1162 3382 1319 3446 infelicem

192 3494 487 3573 adulescentulum,
534 3513 553 3557 o
585 3494 754 3558 scelestum
779 3493 1026 3559 Parmenonem!
1060 3492 1141 3560 Eun.
1166 3497 1238 3559 943.
1261 3467 1340 3561 osas

193 3609 306 3672 etiam:
329 3607 412 3672 Eun.
425 3611 496 3686 296,
513 3606 585 3687 298,
609 3611 681 3672 943.
707 3605 803 3684 Andr.
823 3612 893 3680 401.
917 3611 989 3673 956.
1005 3607 1132 3673 Phorm.
1156 3607 1228 3673 233.
1240 3605 1319 3674 Η55.

190 3723 264 3788 376.
288 3720 348 3786 Ad
376 3722 538 3800 173183,
562 3722 635 3784 304.
653 3718 770 3785 Η5551.
795 3721 867 3786 313.
891 3719 917 3785 Ο
938 3720 1097 3804 luppiter!
1122 3717 1221 3785 Andr.
1244 3722 1317 3789 464.
1343 3740 1357 3773 ··

193 3838 219 3900 0
255 3842 364 3899 noster
388 3833 554 3898 Chremes!
593 3832 691 3899 Andr.
716 3834 788 3897 846.
818 3832 1007 3910 OBacchis‚
1037 3854 1150 3898 omea
1173 3830 1319 3908 Bacchis,

193 3948 356 4014 seruatrix
379 3945 463 4010 mea!
488 3945 564 4010 Hec.
590 3950 661 4011 856.
697 3945 723 4010 0
748 3945 881 4025 caelum,
905 3953 1044 4027 eterra,
1068 3968 1086 4011 ο
1110 3945 1213 4009 maria
1236 3943 1320 4028 Nep-

191 4060 271 4125 tuni.
295 4058 355 4124 Ad.
380 4060 452 4124 790.
476 4055 532 4122 cfr.
557 4057 655 4124 Andr.
680 4060 751 4138 267,
776 4062 848 4138 282,
872 4062 946 4139 492,
970 4062 1042 4141 618,
1065 4059 1137 4137 802,
1156 4062 1229 4137 817,
1246 4061 1320 4124 869.

191 4174 273 4243 Eun.
298 4175 370 4255 753,
393 4172 465 4254 946,
498 4176 589 4239 1034.
613 4171 728 4239 Heaut.
753 4175 825 4256 406,
850 4173 922 4255 630,
946 4175 1023 4255 684,
1047 4173 1120 4240 690.
1143 4169 1221 4241 Η55.
1244 4169 1351 4263 352,
