2790 4748
707 186 728 252 5

616 275 820 289 ...ἡ-

145 398 229 460 555.
254 393 311 461 cfr.
334 395 451 477 Heaut.
475 400 547 461 554.
570 396 653 462 uun.
668 371 749 476 555,
771 397 845 464 555.
867 396 993 462 Phorm.
1019 397 1091 474 555.
1126 395 1185 461 Ad.
1208 397 1281 472 555,

156 510 229 574 697.
255 506 358 573 Olore.
381 507 455 573 Olet
478 513 651 592 unguenta.
671 507 735 574 Ad.
761 509 832 574 117.
857 507 993 574 0511555.
1012 508 1082 592 Ego
1104 507 1190 573 illius
1211 513 1282 574 555-

154 640 224 686 sum
248 618 382 705 pulchre
406 619 516 693 calleo.
547 620 606 688 Ad.
630 623 701 686 533.
745 620 910 707 Deperire.
941 620 1047 687 Clinia
1072 619 1155 686 hanc
1178 621 1206 686 si
1227 620 1282 686 de·
1318 692 1323 701 ,

156 733 272 817 perit„
289 732 406 800 Heaut.
427 733 500 800 525.
546 734 720 800 Somniare.
758 735 811 801 Me
839 732 1017 814 desideres,
1054 753 1105 799 me
1134 733 1280 814 somnies,
1341 721 1344 724 ’

154 866 206 911 me
229 823 403 929 exspectes.
432 845 514 912 Eun.
540 847 611 912 194.
646 846 748 912 [15515
779 846 821 913 ad
848 847 948 913 uerba
974 845 1112 927 „utendi
1144 846 1281 928 fruendi,

155 961 235 1023 cet.“
261 978 344 1040 quae
365 963 479 1024 contra
500 979 593 1024 usum
611 960 751 1043 optimae
767 959 940 1025 latinitatis
962 958 1050 1045 apud
1067 959 1138 1024 Ter.
1154 959 1282 1044 saepius

160 1069 369 1135 inueniuntur
392 1091 474 1136 cum.
498 1091 602 1138 accus.
641 1071 750 1138 Abuti.
771 1072 841 1138 Hoc
864 1070 998 1137 uerbum
1020 1070 1070 1136 bis
1087 1072 1158 1139 Ter.
1171 1073 1281 1156 posuit

155 1204 228 1261 oum
250 1204 360 1264 accus,
377 1204 442 1249 non
464 1205 537 1248 cum
560 1184 712 1253 ablativo.
736 1185 774 1250 In
795 1185 938 1270 prologis
953 1183 1134 1250 scribundis
1150 1179 1294 1269 operam

155 1295 310 1362 abutitur.
344 1296 443 1381 Andr.
468 1300 497 1363 5.
521 1298 577 1363 cfr.
601 1298 728 1366 Phorm.
753 1301 825 1364 413.
855 1298 922 1365 Uti.
945 1298 1028 1379 Mea,
1050 1315 1134 1380 quae
1153 1302 1283 1381 praeter

123 1484 126 1488 ,
156 1430 247 1493 spem
270 1430 415 1490 euenere,
439 1416 572 1477 utantur
595 1411 672 1478 sine.
696 1410 756 1478 Ad.¹
779 1413 852 1477 815.
892 1411 993 1476 Aetas
1015 1409 1118 1494 magis
1140 1408 1283 1475 adhaec

126 1559 129 1564 -
158 1521 281 1587 utenda
301 1521 426 1589 idonea.
461 1524 577 1592 Heaut.
605 1523 858 1610 133;515.5(15.
884 1523 909 1609 ¹)
933 1523 980 1588 De
1003 1543 1108 1590 55555.
1126 1506 1282 1607 cogitasse

157 1633 287 1699 uidetur
309 1639 406 1719 55555
429 1637 527 1701 etiam
548 1636 646 1703 Andr.
671 1642 730 1702 14:
760 1637 848 1715 Quae
872 1656 1049 1701 conuenere
1071 1635 1105 1700 in
1127 1633 1282 1700 Andriam

160 1768 200 1811 ex
222 1746 388 1814 Perinthia
410 1748 531 1816 fatetur
552 1749 757 1815 transtulisse
780 1754 878 1832 atque
900 1769 994 1815 usum
1015 1748 1166 1832 proauis.
1190 1749 1284 1812 Atta·
1372 1757 1375 1766 '

158 1866 232 1934 meu
266 1880 343 1925 usus
377 1853 476 1929 55155.
510 1863 676 1946 555555155
708 1862 766 1929 cfr.
796 1862 896 1931 Andr.
923 1863 996 1929 203.
1024 1860 1106 1926 Ε55.
1131 1864 1181 1926 35.
1205 1859 1283 1927 Hoc.

164 1970 211 2051 lo,
234 1973 286 2039 37.
309 1972 351 2038 51.
392 1974 504 2058 Fungi.
544 1975 665 2040 Contra
691 1974 877 2060 ,fungendi“
907 1973 1004 2040 uerbo
1021 1995 1041 2038 5
1057 1973 1129 2041 Τ55.
1144 1972 1285 2058 plerum-

160 2105 223 2168 que
255 2105 360 2150 accus.
390 2086 586 2171 adiungitur.
619 2087 675 2153 cfr.
707 2088 759 2153 lta
786 2081 911 2153 attente
933 2092 1003 2152 tute
1025 2085 1155 2152 illorum
1178 2083 1284 2150 officia

159 2195 302 2280 fungere.
331 2196 448 2266 Heaut.
482 2204 532 2265 66.
556 2199 612 2265 515.
644 2186 760 2268 Η5555.
785 2204 857 2268 580.
880 2199 1007 2266 Phorm.
1031 2199 1103 2293 282.
1127 2198 1186 2264 Ad.
1211 2201 1283 2263 464.

160 2308 348 2375 Ablatiuum
381 2318 490 2377 autem
523 2315 632 2398 posuit
665 2335 728 2379 uno
757 2317 886 2378 tantum
912 2313 997 2379 loco:
1035 2310 1078 2376 Et
1100 2316 1156 2376 tuo
1179 2309 1285 2376 officio

159 2420 258 2487 fueris
287 2422 425 2490 functus.
459 2423 519 2492 Ad.
543 2429 614 2489 603.
639 2424 793 2491 Codicum
815 2426 957 2492 uarietas
979 2424 1011 2490 h.
1034 2424 1055 2492 1.
1078 2445 1142 2488 555
1163 2423 1281 2488 155551·

159 2541 230 2614 555;
268 2535 325 2600 cfr.
360 2536 665 2621 Umpfenbaohium,
704 2559 807 2623 neque
836 2540 917 2605 satis
940 2557 1056 2603 causae
1079 2557 1147 2602 5555
1168 2535 1285 2615 iudico,

160 2670 218 2714 555
240 2649 464 2716 Fleckeisenus
488 2652 602 2717 ceteris
625 2653 658 2717 ni
674 2652 769 2718 fallor
781 2651 935 2737 exemplis
952 2655 1129 2717 commotus
1140 2648 1286 2734 posuerit

160 2782 276 2843 accus,
299 2783 375 2827 nam
390 2785 430 2829 ne
451 2765 486 2830 in
509 2767 745 2831 constructione
768 2765 897 2849 quidem
915 2763 1003 2831 uerb.
1020 2762 1141 2840 utendi,
1149 2760 1286 2839 fruendi,

158 2875 314 2960 potiendi,
338 2876 468 2942 carendi
492 2877 552 2943 sibi
575 2878 815 2945 constititTer.
836 2877 924 2942 Frui.
936 2873 1059 2941 Hocine
1070 2895 1121 2941 me
1134 2875 1286 2940 miserum

159 3007 224 3053 non
245 2987 343 3055 licere
365 3011 436 3054 meo
459 2989 554 3056 modo
572 2991 735 3076 ingenium
755 2990 836 3056 frui!
860 2990 968 3054 Heaut
983 2991 1055 3056 401.
1070 2986 1287 3054 Ceteris-locis

159 3098 259 3191 habes
291 3099 390 3168 ablat.
436 3104 547 3171 Potiri.
585 3105 644 3169 Ille
677 3103 761 3168 alter
794 3103 862 3168 5155
891 3101 1002 3168 155555
1028 3101 1133 3185 patria
1163 3100 1287 3184 potitur

111 3228 113 3232 ’
160 3213 337 3281 commoda.
360 3215 420 3281 Ad.
445 3222 517 3282 871.
542 3216 599 3286 cfr.
624 3217 682 3282 Ad.
706 3220 778 3281 876.
801 3216 928 3283 Ρ5ο55.
953 3219 1026 3281 400.
1050 3213 1155 3280 Ablat.
1178 3219 1287 3278 autem

160 3325 295 3394 adiecit:
329 3328 447 3394 055551
469 3333 603 3416 propria
625 3337 662 3394 ut
684 3327 843 3395 Phaedria
864 3333 1040 3413 poteretur.
1062 3327 1190 3393 Phorm.
1215 3329 1287 3391 830.

113 3477 116 3482 ·
157 3439 296 3508 ’055555
321 3444 402 3508 Tum
425 3445 479 3527 pol
502 3444 562 3509 tibi
585 3444 625 3508 ab
648 3444 739 3524 istoc,
762 3463 826 3520 era,
844 3438 1287 3524 cauendumintellego.Euu.
1358 3488 1369 3511 .

152 3553 235 3622 883.
259 3557 386 3623 Carere.
411 3556 553 3622 Tandem
576 3578 639 3621 non
663 3577 720 3640 ego
744 3551 833 3620 illam
857 3576 994 3634 caream,
1018 3555 1044 3618 si
1068 3554 1110 3618 sit
1125 3575 1214 3638 opus,
1237 3551 1287 3617 vel

142 3721 145 3728 .
162 3675 269 3736 totum
284 3669 447 3734 triduom?
469 3668 551 3735 Ε55.
566 3670 637 3735 223,
662 3668 855 3734 Genetiuum
870 3667 1018 3733 adhibuit
1040 3666 1127 3734 Ten:
1141 3666 1290 3731 Praeter·

161 3774 320 3868 quam'tui
347 3782 521 3848 carendum
545 3782 631 3865 quod
655 3787 734 3848 erat.
758 3781 875 3849 Heaut.
900 3782 980 3861 4003
1003 3779 1118 3846 ceteris
1140 3778 1220 3844 locis
1242 3777 1289 3841 in-

162 4002 367 4011 nan—*⁴

170 4116 194 4120 Η
215 4116 257 4208 v>1)
281 4138 323 4193 Ita
347 4138 414 4192 haec
435 4137 517 4191 uerba
541 4135 629 4205 posite
653 4136 680 4190 in
704 4143 773 4207 part.
793 4134 843 4191 155
861 4149 932 4205 5555.
950 4134 1029 4188 etiam
1047 4131 1118 4203 apud
1137 4130 1291 4186 Ciceronem

163 4230 279 4300 inueniri
296 4238 390 4290 notum
407 4238 456 4289 est.
491 4281 493 4286 .
